2684 4896
113 155 114 165 χ
183 82 221 152 sit.
238 75 294 176 Qui
308 112 393 167 non,
411 98 450 155 ut
463 87 611 168 ridetur,
632 89 817 166 Cournoti,
836 89 896 158 sod
912 116 961 168 ra,
979 116 1086 186 quam
1103 90 1212 160 Conr-

180 232 256 290 notus
270 221 522 301 animadvertit,
541 222 752 292 naturalium
770 224 993 293 scientiarum
1008 224 1211 294 auctoritato

177 354 315 449 propulsi,
337 355 553 452 populorum
573 369 606 426 et
620 357 853 426 animantium
869 357 1052 427 affinitates
1069 371 1102 427 ot
1117 358 1213 428 strir-

175 482 252 558 tiores
270 501 301 558 et
315 489 567 586 frequentiores
583 490 844 561 illustraverunt
857 493 879 560 ¹.
900 491 995 580 Quin
1012 491 1129 570 etiam,
1146 491 1211 562 bar

113 660 117 699 ,-
170 622 382 720 analogiarum
400 625 619 718 indagatione
635 637 751 722 captos
768 639 800 696 et
813 639 942 721 raptos,
956 626 991 694 in
1007 626 1212 695 transferen-

166 749 322 828 dist-erbis
341 759 460 854 potius
475 779 591 855 quam·
603 759 638 828 in
653 760 756 829 robus
777 759 1003 856 explanandis
1024 759 1210 856 plerosquo

160 909 267 960 eorum
281 905 413 962 tantam
426 919 568 989 operam
585 895 844 990 consumpsisse
862 907 978 990 atque,
997 894 1032 962 in
1051 893 1209 964 vitalium

156 1025 355 1118 cogitatione
388 1026 531 1105 defixos‚'
563 1054 640 1123 quan
673 1027 894 1097 societatibus
923 1026 1109 1123 peculiaria
1142 1027 1211 1095 sint

150 1156 271 1228 oblitos
297 1159 407 1228 videri
431 1185 536 1228 nemo
561 1161 694 1257 estqui
719 1160 867 1254 ignoret,
903 1187 966 1230 nos
996 1186 1080 1229 roro
1108 1159 1211 1229 tardet

145 1284 240 1362 litem
267 1293 367 1362 toties
393 1305 524 1363 oratam
557 1294 683 1363 iterum
718 1294 926 1390 susciprre².
964 1295 1065 1364 Libet
1094 1295 1210 1389 potius
1242 1295 1245 1304 ’

142 1439 264 1495 notare
294 1438 467 1522 quantum
491 1427 532 1497 ab
555 1428 616 1495 ista
650 1428 859 1523 intemperie
880 1428 995 1498 Nostri
1025 1427 1211 1523 opiniones

139 1559 353 1629 abhorreant
375 1586 382 1627 :
412 1559 458 1629 ita
478 1571 516 1628 ut
535 1586 576 1628 ex
602 1561 677 1656 ejus
697 1562 859 1656 oporibus
882 1560 1031 1657 aequales
1053 1561 1161 1630 nostri
1183 1560 1210 1628 si

139 1691 249 1760 modo
259 1691 456 1761 accuratius
467 1718 505 1761 ea
514 1692 755 1787 perlegissent,
771 1694 936 1762 vitiorum
957 1692 1210 1761 nonnullorum

138 1824 242 1920 quasi
258 1825 412 1895 antidota
433 1852 569 1895 sumere
584 1827 775 1921 potuerint.

191 1959 269 2026 Hoc
289 1958 445 2053 primum
465 1959 814 2029 animadvertendum
835 1971 898 2037 ost,
923 1959 1106 2027 Cournoto
1137 1984 1208 2026 non

139 2091 265 2159 omnia
295 2091 331 2159 in
357 2092 579 2161 societatibus
601 2093 724 2162 eodem
748 2092 853 2161 modo
874 2103 933 2161 aut
956 2092 1078 2160 eodem
1101 2091 1209 2183 gradu

139 2225 272 2293 rivere,
288 2223 393 2312 Quod
405 2251 495 2321 saepe
515 2226 556 2294 iis
571 2226 748 2320 objectum
765 2237 816 2294 ost
831 2226 890 2321 qui
903 2237 1009 2294 catus
1021 2225 1209 2292 bominum

139 2383 224 2426 oum
253 2358 488 2428 animantium
511 2360 717 2455 corporibus
741 2361 936 2436 ronlorunt,
960 2359 1210 2453 plranomono-

139 2517 223 2559 rum
239 2490 464 2586 politicorum
480 2493 534 2561 vel
548 2493 859 2570 reconomicorum,
875 2491 927 2560 rol
943 2518 1064 2560 rorum
1079 2516 1156 2586 qum
1168 2490 1210 2558 acl

138 2624 278 2693 cultum
294 2624 410 2693 autad
427 2625 607 2694 scientiam
630 2626 777 2694 attinent
802 2625 906 2693 series
923 2650 991 2694 non
1013 2624 1089 2719 pari
1104 2649 1208 2719 passu

138 2755 319 2850 progredi,
350 2755 527 2836 latescere,
555 2784 720 2834 crescere,
748 2758 957 2835 decrescere,
988 2757 1052 2824 bor
1085 2756 1210 2823 Noster

177 2981 203 3029 l.
226 2976 294 3028 Satis
308 2985 346 3028 est
360 2977 388 3027 in
404 2979 557 3029 memoriam
573 2997 691 3030 revocare
706 2999 711 3028 ι

177 3065 311 3117 Srrrncrn.
328 3066 476 3135 Principes
492 3065 528 3119 de
543 3066 703 3135 socr'ologie.

177 3154 328 3206 Sostrate.
344 3156 408 3206 Bou
424 3154 482 3206 und
496 3155 587 3207 Lebcn
602 3155 653 3206 des
670 3155 800 3207 Socialrn
816 3159 948 3227 lior-pers.

175 3245 353 3294 larisseno.
373 3246 413 3295 Lo
428 3243 597 3312 Potbologio
612 3243 729 3295 sociale.

174 3332 297 3384 Wonns.
318 3332 485 3401 organismo
501 3341 528 3384 et
542 3333 656 3384 sorie'tr'.

173 3422 318 3473 Novrcow.
338 3421 506 3472 Conscicnco
521 3429 546 3472 et
564 3421 671 3472 nolonte
684 3421 816 3472 sociales.

173 3515 199 3562 2.
225 3510 369 3578 Utriusque
384 3510 463 3578 partis
482 3517 636 3577 argumenta
650 3510 754 3560 collecta
771 3517 832 3561 sunt
847 3511 871 3560 in
885 3508 1012 3562 Annales
1025 3508 1059 3560 dr
1073 3509 1209 3561 l‘Instr'tnt

132 3597 350 3654 internetione!
365 3597 399 3649 dr
415 3597 579 3665 sociologr'r,
600 3599 675 3658 1898,
693 3606 709 3648 t.
727 3598 772 3652 IV.
