2684 4896
532 346 657 397 ..9.-

63 481 418 574 facultatemassignat
429 480 494 549 t'ata
511 479 625 549 statim
635 480 826 557 avertendi,
844 508 1017 551 ccasunm
1028 509 1128 580 expe

60 615 182 685 rientia
228 615 335 683 sumit
381 625 641 709 argumentum.
697 614 800 683 Gesta
842 614 1030 685 hominnm
1067 630 1128 687 ant

59 762 239 819 momenta
273 775 391 817 rerum
425 760 605 844 nequeunt
626 748 719 816 riam
741 747 908 818 indictam
927 764 1126 844 permutare

58 882 125 951 nisi
166 883 323 951 Fortuna
362 881 462 950 duce.
504 880 594 969 Quia
637 880 774 949 casibus
821 881 1039 952 creberrimis
1084 911 1125 954 ac

56 1014 303 1085 diversissimis
319 1014 479 1083 ohnoxiae
496 1025 578 1083 sunt
603 1039 656 1082 res
676 1013 854 1092 humana,
876 1013 1006 1084 idcirco
1031 1041 1050 1086 <c
1068 1043 1125 1086 so-

56 1148 239 1242 ciologicis
261 1173 280 1218 n
305 1147 440 1241 legibus
467 1173 521 1216 res
537 1147 701 1216 humanae
729 1147 853 1243 subjici
873 1147 1036 1218 ridentur
1050 1177 1124 1219 non

56 1307 170 1377 possc.
197 1281 288 1370 Quia
312 1282 466 1350 Fortuna
487 1307 540 1349 res
563 1308 642 1376 qnae
661 1281 705 1349 ab
731 1280 936 1350 hominibus
957 1294 1126 1376 geruntur

56 1415 155 1507 regit,
179 1414 308 1483 idcirco
337 1441 455 1483 rerum
478 1425 654 1507 gestarum
677 1414 861 1509 scriptores
886 1414 945 1484 itta
974 1442 1124 1511 cognos-

56 1547 158 1616 cendi
179 1559 249 1616 arte
269 1547 320 1616 uti
345 1559 537 1642 nequeunt,
560 1547 617 1616 cui
642 1572 660 1617 a
684 1547 837 1617 scientiae
859 1575 878 1619 n
900 1574 1030 1618 nomen
1045 1550 1125 1646 jure

55 1681 264 1751 vindicatur.

106 1817 157 1884 Ex
183 1842 254 1911 quo
276 1817 350 1910 jam
375 1815 558 1910 percipias,
586 1815 817 1910 quamobrem
846 1816 948 1886 nobis
977 1815 1060 1886 ntilo
1082 1816 1126 1886 sit

58 1949 234 2019 Cournoti
262 1948 487 2045 potissimum
516 1949 694 2044 explorare
725 1949 933 2018 sententiam
965 1949 1124 2046 :quippo

55 2084 158 2178 cujus
175 2095 324 2178 systema
338 2083 502 2152 Fortunae
518 2082 604 2161 dccc,
620 2095 658 2152 ut
673 2082 720 2151 ita
735 2081 861 2152 dicam.
880 2083 1037 2153 rideatur
1051 2110 1124 2154 csse

55 2217 268 2286 dedicatum.
292 2218 416 2286 Nonne
436 2216 610 2285 (Iournoti
625 2216 701 2295 suit,
725 2229 764 2285 nt
779 2217 851 2311 ipse
872 2217 1004 2287 resert¹.
1023 2244 1123 2286 casus

55 2351 185 2431 studi0‚
200 2378 218 2420 a
235 2350 408 2447 plerisque
423 2349 644 2445 philosophis
661 2350 772 2418 sinon
789 2361 1003 2446 contempto.
1022 2363 1056 2420 at
1069 2377 1125 2420 ne-

54 2487 181 2579 glecte,
198 2484 355 2580 primum
367 2484 556 2553 concedere
572 2484 688 2552 locum
707 2487 721 2552 Ξ)
739 2484 815 2553 Hoc
831 2496 882 2552 est
897 2483 1124 2554 Ariadnrenm

54 2619 169 2699 filum,
187 2645 258 2714 qno
272 2618 397 2687 ductus
414 2644 432 2687 e
445 2617 689 2686 diversissimis
703 2621 852 2715 ἀπορίαις,
871 2618 1124 2688 mathematicis

54 2765 116 2822 ant
150 2752 374 2822 reconomicis
416 2765 474 2821 ant
509 2751 683 2821 historicis
722 2751 961 2848 sollertissimo
988 2752 1119 2822 eradat.

56 2888 135 2956 Hoc
151 2886 306 2955 adhibito
320 2886 494 2981 principio
510 2885 565 2955 vel
585 2886 723 2955 criterio
740 2886 781 2954 iis
802 2885 1030 2981 opinionibus
1045 2913 1123 2982 qua¹

54 3047 97 3090 ex
131 3031 201 3089 arte
232 3020 463 3115 conjectandi,
494 3047 536 3088 cx
557 3020 760 3089 inductione
792 3033 852 3089 aut
884 3019 1053 3112 analogia,
1082 3046 1123 3088 ex

54 3153 231 3223 historicis
251 3167 309 3223 aut
336 3153 510 3223 statisticis
532 3154 834 3223 obseruationibus
856 3153 1029 3230 oriuntur,
1053 3153 1123 3222 dis-

54 3299 180 3383 pensat
213 3287 486 3356 auctoritatcm².
524 3288 603 3357 Siue
628 3315 698 3384 quo
719 3288 825 3358 modo
856 3314 908 3357 res
935 3287 1123 3382 gignantur

94 3537 117 3585 1.
143 3533 375 3587 Considdrntt'ons
391 3553 441 3586 sur
456 3533 484 3586 lu
499 3534 611 3586 rnurclre
627 3534 678 3586 des
695 3533 783 3589 idries,
801 3535 819 3590 1.
837 3535 910 3603 chap.
930 3538 953 3585 1.

91 3627 116 3675 2.
139 3623 328 3676 Fondernents
344 3623 378 3676 de
391 3643 441 3676 nos
456 3624 685 3682 contulissemus,
700 3625 719 3682 1,
736 3623 810 3692 chap.
825 3627 850 3680 3,
870 3625 892 3679 4.
910 3625 934 3675 5.
953 3655 986 3662 -
999 3623 1041 3675 Cf.
1059 3626 1122 3675 na-

53 3711 222 3770 teriuh'smc,
239 3712 386 3767 vitulisrnc.
404 3713 611 3767 rationatisnrc.
630 3732 653 3782 p.
671 3715 741 3764 341:
759 3733 772 3761 u
793 3712 827 3763 La
847 3711 999 3782 probabilite
1020 3712 1120 3764 mathd-

53 3803 179 3871 matiqne.
196 3802 356 3861 l'induction,
373 3803 515 3871 l'analogic,
532 3803 555 3853 la
572 3803 680 3872 critique
698 3802 741 3853 des
757 3802 930 3871 temoignagcs
949 3809 974 3853 ot
986 3801 1030 3853 dcs
1044 3802 1120 3853 dacu·

53 3898 140 3943 ments
154 3891 185 3942 de
201 3891 325 3942 l'histoire
340 3899 386 3942 ont
399 3892 452 3942 cela
466 3891 497 3942 dc
511 3910 633 3942 commun
644 3892 749 3961 qn'elles
764 3891 918 3960 imptiqnent
930 3899 1011 3943 tontes
1021 3892 1121 3962 phison

54 3980 141 4032 moins
156 3979 231 4032 l’idcc
246 3980 279 4031 du
292 3981 391 4039 hasard,
408 3981 515 4052 qn'ctlcs
530 4000 560 4032 en
575 3983 685 4033 naisscnt
698 4000 764 4051 pour
779 3981 843 4032 ainsi
858 3981 913 4032 diro
929 4020 945 4031 ..
965 4002 978 4030 n
