2684 4896
580 361 616 371 —
641 333 728 383 33-

144 467 189 536 luit
203 467 221 534 ¹.
242 467 352 535 Nemo
368 465 503 535 dubitat
515 466 601 562 quin
623 465 800 536 llichclicu
817 467 907 537 inter
920 466 1181 563 potentissimos

143 627 233 669 rerum
251 599 490 670 dominatores
524 598 567 668 sit
596 599 905 679 adnumerandus;
936 628 1041 673 nemo
1061 615 1177 672 tamen

144 733 207 828 quin
216 733 322 803 Gallia
337 743 421 812 tota,
436 733 540 802 etiam
555 733 736 803 deficiente
751 734 844 804 illius
860 761 937 831 ope,
956 735 1059 830 regiae
1075 735 1182 805 admi-

144 865 311 937 nistrationi
327 866 437 961 magis
453 866 634 963 magisque
650 880 738 937 esset
759 867 1013 938 subordinata².
1033 869 1178 947 Contra,

143 1025 241 1094 quaec
261 999 396 1071 Corsici
417 1000 562 1070 Caesaris
582 1000 731 1096 imperio
755 1013 964 1098 acceperunt
983 1013 1016 1072 et
1041 1001 1181 1072 Gallica

143 1145 167 1200 rt
181 1133 346 1230 Europam!
373 1160 426 1203 res
451 1161 490 1204 ca
513 1133 653 1203 difficile
672 1134 737 1204 fuit
760 1136 1007 1230 pronuntiare.
1036 1135 1180 1205 Etiamsi

143 1264 168 1332 in
181 1293 316 1348 summa,
329 1267 424 1364 quod
434 1268 478 1336 ad
491 1279 621 1337 exteras
636 1280 769 1337 nostras
784 1295 836 1338 rcs
849 1269 969 1338 attinet
979 1269 1067 1338 bella
1080 1295 1178 1338 euro-

142 1425 197 1492 pam
213 1402 402 1498 conjectare
422 1402 530 1481 licuit,
553 1413 667 1497 atque,
693 1402 802 1482 domi,
825 1403 1047 1472 dictatorium
1062 1402 1179 1499 'quod-

142 1531 203 1602 dam
222 1536 421 1632 imperium,
445 1562 550 1606 nemo
576 1547 627 1605 est
655 1537 808 1632 quinon
833 1537 980 1606 miretur
997 1536 1180 1606 fortuitum

142 1691 342 1766 casumque,
369 1670 412 1739 ad
436 1670 524 1740 illud
552 1670 742 1765 imperium
772 1670 965 1764 regendum
990 1682 1024 1740 ct
1052 1669 1095 1739 ad
1123 1668 1182 1739 illa

142 1795 210 1868 bella
223 1802 382 1896 gerenda,
402 1802 566 1872 inventus
587 1813 637 1871 cst
656 1803 709 1872 vir
733 1803 817 1872 tanti
838 1802 970 1896 ingenii
985 1803 1007 1871 ³.
1044 1803 1085 1871 ln
1109 1827 1181 1870 ma-

141 1933 201 2021 gnis
218 1935 319 2030 igitur
338 1937 470 2007 eventis
497 1936 780 2032 interpretandis,
811 1919 993 2005 causarum
1021 1935 1092 2005 duo
1112 1935 1181 2005 dis-

141 2070 287 2139 cemenda
307 2083 390 2140 sunt
409 2096 556 2165 genera:
576 2071 812 2140 constantium
833 2082 866 2138 ot
891 2069 1177 2139 inconstantium.

141 2193 376 2283 Constantium,
395 2230 473 2298 quae
492 2203 530 2272 in
560 2203 776 2299 populorum
809 2202 958 2272 normali
989 2228 1098 2281 more,
1125 2201 1180 2271 vel

139 2329 215 2419 prius
228 2336 304 2406 data
323 2337 550 2406 inclinatione
569 2349 764 2415 versantur,
791 2336 932 2405 allectus
958 2335 1037 2431 jure
1056 2334 1179 2430 praevi-

138 2456 201 2534 dere
217 2497 318 2566 queas
335 2497 342 2547 ;
367 2471 641 2540 inconstantium
664 2496 754 2549 vcro,
778 2496 856 2565 quas
875 2469 1023 2538 heroum
1038 2467 1179 2562 ingenio

136 2605 161 2662 et
175 2601 483 2683 vitacontinentur‚
503 2605 644 2674 effectus
670 2615 866 2699 compertos
898 2614 1035 2672 tantum
1062 2601 1180 2670 mirari

136 2725 208 2804 lieet.
230 2739 307 2827 Qua
327 2739 460 2809 ratione
480 2740 564 2808 haec
589 2739 659 2806 duo
680 2763 862 2806 causarum
888 2762 1014 2831 genera
1035 2735 1125 2805 inter
1145 2760 1180 2804 se

135 2866 339 2953 misceantur,
362 2873 499 2951 frustra,
520 2915 565 2925 —
581 2872 676 2968 quod
691 2883 742 2940 tot
757 2870 871 2940 conati
888 2882 971 2939 sunt
989 2869 1050 2965 qui
1070 2869 1180 2938 Gour-

134 3014 201 3074 noto
218 3017 460 3076 successerunt
477 3032 541 3075 nee
562 3005 636 3101 ejus
652 3003 951 3073 admonitionibus
971 3028 1071 3072 aures
1092 3029 1181 3098 prae-

131 3126 278 3221 buerunt,
297 3184 344 3194 —
364 3140 401 3208 in
417 3140 622 3209 universum
642 3150 789 3207 statuere
806 3137 964 3207 tentabis.
981 3136 1085 3226 Quod
1098 3159 1179 3205 cum

131 3279 158 3338 u
172 3275 382 3371 populorum
412 3286 445 3343 ct
464 3273 738 3370 prreccllontium
769 3272 922 3340 virorum
950 3270 1119 3366 peculiari
1146 3269 1181 3340 vi

155 3523 175 3572 l.
196 3521 284 3583 Itid„
302 3522 362 3592 I‚p.
381 3524 423 3573 12.

154 3612 176 3662 2,
196 3610 284 3670 Ιὺὶά.,
301 3610 323 3678 Ι,
338 3630 364 3680 p.
382 3611 443 3664 410.

152 3702 175 3752 3.
196 3698 285 3761 loia,
300 3699 334 3759 ΙΙ,
349 3719 375 3770 p.
391 3702 441 3752 392
457 3718 512 3770 sqq.
531 3719 544 3749 u
560 3698 649 3764 Qu'un
659 3698 733 3767 gdnie
747 3696 900 3767 prodigieux
915 3715 939 3748 se
955 3696 1003 3748 soit
1019 3699 1110 3749 trouve
1126 3704 1183 3748 tout

120 3792 202 3860 expres
216 3807 283 3860 pour
296 3789 404 3859 remplir
418 3789 441 3840 le
456 3789 510 3840 rdle
519 3788 551 3839 de
565 3788 691 3839 dictateur
701 3787 820 3838 militaire
834 3805 894 3837 avec
906 3805 941 3837 un
955 3785 1028 3844 dolat,
1041 3804 1092 3836 une
1106 3803 1182 3854 gran·

117 3879 185 3936 deur,
203 3897 256 3930 une
270 3877 374 3936 audace,
394 3897 429 3928 uu
442 3880 527 3929 succes
543 3877 650 3928 theutral
665 3877 710 3946 qui
724 3876 850 3928 semblent
863 3875 1010 3946 appartenir
1029 3877 1093 3926 lun
1109 3882 1181 3926 autre

117 3971 161 4037 lge
174 3968 210 4018 du
226 3967 332 4027 monde,
349 3968 410 4019 c'est
424 3967 448 4018 lla
463 3986 498 4017 un
514 3967 604 4018 hasard
620 3967 746 4018 rraiment
762 3965 936 4017 morveilleux.
954 3985 967 4013 n

260 4076 381 4126 Borean.
