2858 5090
746 480 781 490 ..
802 451 835 503 70
856 480 889 490 ..

286 583 455 652 dubium*
472 595 523 652 est
552 610 638 652 num
672 583 714 652 iis
742 583 846 679 plane
883 585 1004 654 faverit
1042 585 1256 667 Cournotus
1290 591 1346 686 qui

287 717 467 787 seientiam
487 717 738 786 aeconomieam
755 719 929 798 omnium,
942 747 1020 816 quae
1036 721 1237 792 nationibus
1251 750 1346 819 pecu·

285 850 382 920 liaria
403 850 484 930 sint,
498 851 827 946 'pliaenomenorum
853 853 1145 948 redintegratione
1174 883 1345 937 renovare,

286 997 401 1080 atque,
432 998 471 1054 ut
499 984 608 1064 aiunt,
638 985 793 1056 historiae
818 989 1084 1058 accommodare
1113 991 1230 1059 conati
1260 1003 1345 1059 sunt.

286 1119 369 1208 Qui,
388 1119 431 1187 ad
447 1119 674 1214 sociologicas
697 1119 856 1190 scientias
878 1122 1153 1202 constituendas
1173 1124 1348 1193 socialium

286 1253 601 1348 phaenomenorum
622 1239 748 1348 genera
767 1253 1015 1349 distinguenda
1035 1283 1109 1326 esse
1128 1257 1346 1335 arbitratur¹;

287 1387 372 1456 adeo
394 1398 444 1466 ut,
463 1386 699 1456 aeconomistis
719 1387 885 1467 civitates,
910 1389 1017 1458 veluti
1035 1391 1116 1486 jura
1135 1403 1195 1461 aut
1220 1392 1350 1485 religio-

288 1547 361 1599 nes,
381 1519 445 1589 lrac
465 1532 617 1615 exparte
639 1532 774 1590 tantum
796 1521 1039 1592 describendas
1062 1550 1135 1594 esse
1156 1537 1351 1620 censetque

286 1654 422 1750 possint
440 1680 559 1723 rerum
575 1667 790 1724 commutare
803 1656 913 1750 pretia
925 1654 946 1724 2.

338 1787 387 1856 Ex
396 1787 523 1884 quibus
533 1787 631 1857 facile
642 1788 826 1883 intelligas
840 1789 876 1857 in
888 1789 953 1858 hac
964 1802 1085 1859 vexata
1098 1793 1301 1887 quaestione,
1313 1792 1352 1860 <lc

288 1922 443 1992 libertate
458 1903 780 2018 aeconomica,qi1id
797 1923 921 1992 sentiat
937 1924 1072 1992 Noster.
1088 1925 1205 2013 Quam
1220 1926 1353 1994 liberta-

290 2069 359 2126 tem
379 2081 451 2124 non
472 2055 501 2124 is
524 2067 575 2125 est
595 2056 656 2152 qui
677 2055 779 2125 certis
805 2058 1021 2150 argumentis
1041 2057 1141 2127 valde
1161 2059 1284 2128 utilem
1303 2059 1353 2128 rel

290 2189 517 2259 neeessariam
531 2189 704 2285 postulare
718 2189 815 2268 velit;
832 2190 962 2286 quippe
973 2191 1033 2287 qui
1045 2203 1206 2286 expertus
1218 2193 1262 2262 sit
1271 2192 1352 2288 poli-

291 2324 372 2393 ticas
384 2323 592 2420 quaestiones
606 2350 683 2393 raro
698 2324 799 2393 certis
813 2325 1144 2394 rationibusexsolvi
1153 2353 1268 2421 posse,
1283 2329 1353 2396 lloe

289 2457 432 2553 quidem
457 2457 532 2554 ipso
562 2457 709 2527 libertati
733 2457 965 2553 praecellentia
992 2459 1151 2553 quaedam
1172 2473 1224 2529 est
1244 2460 1353 2556 impu-

289 2591 392 2660 tanda
411 2617 417 2659 :
437 2618 519 2660 nam
539 2592 598 2661 ubi
619 2619 672 2661 res
693 2592 778 2662 adeo
793 2592 949 2661 obscurae
965 2603 998 2661 et
1013 2592 1199 2688 implicatae
1221 2607 1301 2663 sunt
1319 2607 1354 2662 ut

289 2751 344 2794 eas
364 2752 462 2820 paene
482 2725 700 2820 impossihile
719 2726 877 2796 rideatur
896 2725 1081 2821 prudentia
1100 2726 1349 2805 administrare,

289 2870 364 2928 tum
391 2859 545 2927 securius
571 2872 621 2929 est
645 2870 777 2928 naturae
797 2871 958 2954 apertum
982 2859 1062 2928 dare
1081 2859 1227 2928 loeum³.
1253 2859 1353 2949 Quod

325 3099 349 3146 l.
371 3094 519 3168 Principes
533 3094 568 3147 de
578 3095 606 3148 la
615 3095 654 3146 tt.
670 3095 708 3146 dn
718 3095 809 3154 lect,
821 3116 847 3165 p.
860 3099 919 3148 139.
934 3117 947 3146 u
961 3097 981 3147 ll
993 3115 1058 3148 nous
1068 3116 1080 3147 a
1091 3115 1154 3166 paru
1164 3099 1320 3150 conformet
1334 3099 1354 3148 la

289 3183 410 3235 methode
423 3184 581 3269 {cientifique
594 3185 625 3236 de
641 3193 757 3236 montrer
769 3186 848 3254 qu'on
858 3193 919 3255 peut
931 3186 1028 3244 traiter,
1044 3185 1106 3236 d'un
1122 3186 1196 3255 point
1206 3186 1238 3238 de
1252 3206 1300 3238 rue
1312 3206 1353 3256 pu·

289 3274 575 3342 rementeconomique,
588 3273 631 3324 des
645 3274 776 3342 questions
784 3274 829 3343 qui
845 3281 902 3324 sent
913 3274 1147 3343 seientiliquement
1157 3274 1355 3345 independentes

288 3363 320 3414 de
340 3363 364 3413 la
384 3362 542 3432 politique...
558 3363 633 3414 Ainsi
653 3363 709 3414 lent
728 3363 763 3414 les
778 3365 922 3431 geometres
936 3363 1064 3432 lorsqu'ils
1085 3364 1182 3416 evitent
1198 3365 1230 3415 de
1245 3365 1354 3416 melerla

288 3451 413 3522 physique
428 3454 442 3502 a
463 3451 507 3502 des
522 3452 634 3503 theories
653 3453 699 3520 qui
713 3459 772 3503 sont
786 3451 821 3502 du
837 3459 930 3503 ressort
948 3452 993 3504 des
1007 3453 1231 3522 mathematiquess
1244 3473 1327 3524 pures.
1341 3473 1352 3502 a

325 3543 349 3592 2.
371 3541 460 3591 Revue
475 3541 637 3598 sornnraire,
655 3560 680 3610 p.
698 3542 759 3592 302.

325 3633 349 3680 3.
371 3631 463 3680 Rerue
475 3629 636 3687 seriemque,
650 3649 676 3698 p.
691 3631 750 3682 168.
766 3629 786 3679 ll
798 3637 836 3680 est
849 3630 989 3698 important
1001 3630 1032 3682 de
1044 3638 1161 3681 montrer
1172 3651 1186 3679 «
1203 3639 1260 3683 tout
1274 3651 1301 3684 ce
1313 3633 1353 3700 qui

289 3737 353 3768 nous
369 3735 479 3786 manque
494 3737 559 3787 pour
571 3718 670 3770 donner
687 3719 710 3769 la
728 3719 838 3770 solution
853 3719 980 3770 rraiment
998 3719 1157 3788 scientifique
1178 3720 1210 3770 de
1227 3723 1354 3790 questions

289 3826 338 3876 quo
353 3806 376 3857 la
391 3807 536 3876 polemique
550 3808 717 3876 quotidienne
733 3808 839 3860 tranche
855 3808 1001 3858 hardiment
1021 3816 1047 3859 et
1061 3827 1105 3858 sur
1123 3809 1258 3878 lesquelles
1271 3811 1288 3860 il
1304 3812 1353 3860 taut

290 3896 349 3948 bien
363 3895 474 3965 prendre
487 3915 524 3947 un
536 3897 603 3965 parti
613 3895 675 3948 dans
689 3897 712 3948 la
727 3897 853 3967 pratique.
867 3917 880 3945 »
894 3927 927 3936 —
939 3896 1023 3950 Erech.
1039 3897 1089 3948 des
1103 3896 1195 3956 latres,
1209 3898 1245 3956 lt,
1255 3919 1282 3968 p.
1296 3902 1351 3952 256.

291 4006 305 4034 u
326 3985 361 4036 Le
387 3985 489 4035 sameux
507 3984 587 4055 adage
608 3987 795 4056 e'eonomique:
822 3986 926 4038 taissez
947 3987 1029 4054 faire,
1054 3986 1160 4038 luisse:
1190 4005 1304 4058 passer,
1325 4007 1352 4038 ne

290 4081 350 4144 peut
365 4074 479 4144 signifier
492 4075 590 4145 qu'une
602 4075 686 4135 chose,
708 4078 721 4128 a
736 4075 817 4127 saveir
829 4093 888 4146 que,
905 4075 967 4126 dans
982 4075 1017 4126 les
1032 4075 1163 4147 questions
1178 4078 1230 4129 tr'es
1245 4077 1349 4150 eompli-

165 4820 353 5052 h
