2684 4896
601 361 742 411 ..75-

99 540 101 545 -
154 494 315 563 societates
344 492 477 571 attinet,
509 491 649 588 majoris
679 492 848 561 momenti
877 492 946 560 siut
974 518 1098 570 causer,
1126 519 1203 588 qum

154 627 324 696 hominum
342 625 557 695 naturalibus
572 625 758 719 generibus
774 653 845 694 uon
861 626 1043 694 inhorrent.

99 766 101 817 j
191 767 280 849 Quas
300 786 344 830 ne
367 760 485 829 eredas
505 759 774 828 emeterialibus
792 771 925 828 tuntum
947 759 1199 854 phoenomenis

152 906 347 963 eterrarum
373 893 503 962 seilicet
522 894 576 962 vel
596 893 673 962 omli
701 904 823 961 natura
849 905 951 989 atque
975 893 1203 963 inclinatione

151 1027 296 1121 perulere.
311 1027 443 1095 ilerum
455 1027 596 1122 quidem
610 1027 733 1095 Noster
749 1052 819 1095 nou
832 1026 961 1096 oblitus
977 1039 1038 1096 est.
1052 1027 1202 1122 Europen

150 1161 340 1230 historicum
384 1161 493 1230 sutum
526 1161 612 1229 dum
641 1187 682 1228 ex
723 1161 879 1256 ejusdem
917 1161 1071 1256 physicis
1109 1162 1204 1231 attri-

150 1295 239 1374 butis,
263 1295 377 1390 ulique
401 1295 522 1363 saltem
549 1321 590 1363 ex
613 1306 719 1389 purte,
744 1294 874 1373 trahit¹‚
898 1306 931 1363 et
952 1306 1204 1364 commemorat

150 1427 436 1522 quemadmodum
453 1427 621 1497 emiorum
638 1439 825 1523 temperate
842 1427 1049 1506 diversitate,
1063 1429 1204 1522 frugum

150 1561 272 1638 modica
292 1562 460 1640 ubertate,
484 1574 655 1631 terrarum
674 1574 706 1631 et
725 1562 876 1630 marium
896 1562 1021 1631 idonea
1041 1562 1203 1630 distribu-

149 1693 226 1765 tione
249 1696 323 1791 ejus
339 1696 463 1765 ineolm
478 1696 522 1764 ud
537 1696 671 1764 labores
693 1707 726 1764 et
749 1695 958 1765 commercia
975 1696 1202 1765 humanitatis

149 1828 243 1898 cultui
259 1856 365 1925 quum
382 1829 533 1898 maxime
548 1841 626 1924 uptu
641 1829 778 1898 excitati
788 1829 867 1908 sint,
888 1855 924 1897 ee
937 1829 1080 1898 seientia
1093 1829 1203 1898 utitur

149 1986 206 2054 qun
224 1963 349 2032 diversi
375 1962 472 2031 modi
493 1963 620 2058 quibus
640 1962 733 2031 orbis
754 1974 924 2031 terrorum
946 1963 1069 2031 tormer
1089 1962 1200 2031 homi-

147 2119 222 2163 uum
242 2123 356 2165 mores
379 2096 520 2166 inficere
541 2096 655 2165 solent
668 2095 857 2165 definiendi
878 2107 971 2164 sunt.

99 2218 101 2285 ἶ
188 2230 275 2297 Cum
300 2241 417 2299 autem
456 2229 701 2299 animadvertit
730 2255 772 2297 ex
802 2229 986 2297 ordinibus
1012 2228 1197 2307 societatis

146 2376 257 2451 sponte
272 2363 457 2443 distinctis
483 2390 565 2432 mox
589 2388 606 2433 e<
630 2375 737 2432 eustos
756 2388 773 2432 u
792 2362 875 2431 oriri
896 2361 959 2430 rite
980 2362 1125 2441 clausae,
1145 2389 1201 2432 eus

146 2489 259 2567 deinde
282 2497 450 2592 paulatim
472 2497 583 2591 li'ungi
603 2523 641 2565 oe
662 2496 793 2572 delabi:
822 2495 1031 2590 optimatum
1057 2507 1199 2591 nepotes

147 2629 265 2699 truditis
278 2630 482 2698 muneribus
503 2657 574 2698 non
595 2629 705 2721 fungi,
725 2629 819 2698 etita
840 2654 922 2697 mox
941 2628 1131 2723 privilegiis
1145 2656 1201 2697 or-

145 2753 223 2831 bari:
246 2775 387 2858 propter
403 2762 550 2831 nimimu
566 2774 770 2857 potestatem
789 2762 982 2832 libertatem
999 2762 1197 2841 desiderari,

99 2918 101 2927 ·
144 2888 257 2966 deinde
272 2908 478 2993 potestatem
494 2908 636 2992 propter
652 2896 799 2966 nimiam
819 2897 1030 2968 libertatem:
1050 2896 1199 2992 populos

145 3022 340 3099 l'ortitudine
376 3030 524 3108 vincere,
552 3030 699 3099 victoria
729 3041 845 3098 nutem
877 3029 950 3124 ipsu
979 3029 1135 3098 enervari
1168 3041 1200 3098 et

142 3159 264 3232 rinei²2
285 3165 358 3233 lure
375 3165 496 3233 omniu
516 3191 628 3260 neque
649 3193 668 3233 u
688 3164 752 3232 soli
773 3162 953 3257 eujusdmn
973 3189 1120 3258 nequeo
1141 3190 1200 3232 ou-

136 3437 170 3497 ῘΙ,
183 3468 205 3516 p.
222 3449 282 3500 346.
301 3448 358 3498 Une
377 3449 526 3499 ciritisution
543 3449 701 3519 progressive
718 3469 731 3496 u
745 3450 861 3498 emousse
877 3468 890 3496 u
908 3448 942 3498 les
955 3449 1094 3498 caracteres
1109 3446 1199 3497 ethno-

138 3527 256 3604 legiques.

172 3628 193 3676 1.
215 3624 453 3694 ltid..11,p.367.
467 3647 479 3674 u
491 3626 631 3694 L'linrope,
642 3635 706 3677 cette
721 3626 841 3694 legetuire
857 3626 1007 3676 universetle
1021 3625 1064 3676 des
1077 3625 1153 3675 sruits
1167 3624 1200 3674 du

137 3715 219 3765 tramit
235 3714 265 3764 de
281 3722 363 3765 tontes
379 3716 414 3765 les
430 3733 497 3764 mres
512 3723 536 3764 et
549 3714 580 3764 de
603 3723 658 3765 tous¹
674 3716 708 3765 les
723 3715 817 3773 sit-eles,
834 3716 956 3784 l'Europe
970 3734 984 3767 a
998 3715 1042 3766 des
1064 3716 1202 3765 caracteres

135 3801 269 3871 php'siques
283 3804 328 3872 qui
342 3804 378 3853 lui
393 3810 450 3853 sont
465 3803 623 3871 particuliers
644 3811 668 3853 et
689 3804 733 3872 qui
753 3804 857 3856 doivent
869 3806 1002 3879 expliquer
1014 3807 1057 3872 (en
1072 3803 1151 3878 partie
1166 3802 1200 3856 du

135 3891 230 3959 moins)
244 3910 288 3942 sou
304 3892 358 3941 tole
373 3892 525 3959 historique.
543 3912 555 3939 u

171 3985 194 4036 2.
217 3979 303 4039 leid„
319 3980 351 4035 ll,
367 3999 392 4054 p.
411 3983 471 4040 335,
490 3984 549 4038 336.
