2684 4896
599 369 634 377 ...
654 340 687 392 46
706 370 741 379 ...

140 497 238 567 reque
257 470 355 539 omni
380 484 535 566 tempore
555 484 711 543 crescant
730 471 860 566 lingum
875 484 908 542 et
927 473 1081 544 floreant.
1100 473 1167 562 Qua·

139 631 217 673 rum
233 605 402 700 quasdam
417 605 548 674 adeam
562 617 698 674 aetatem
708 607 891 702 pervenire
907 607 1066 676 videmus
1077 607 1107 676 in
1119 630 1168 702 qna

140 738 258 829 rigidae
269 750 483 818 remaneant,
496 739 639 834 perinde
647 765 686 809 ac
696 739 878 819 cadavera;
891 767 964 837 quo
971 741 1094 811 iterum
1101 765 1169 809 com·

139 872 306 966 probatur
316 898 371 941 cas
387 871 544 940 vitalium
559 872 618 941 sati
633 899 706 942 esse
721 873 919 969 participes,
930 899 996 943 nec
1010 900 1080 943 non
1090 898 1171 968 gram-

138 1005 281 1075 maticos
295 1033 313 1074 a
329 1006 545 1076 naturalibus
559 1007 712 1076 scientiis
723 1008 832 1078 multa
845 1008 1000 1078 mutuari
1008 1009 1128 1104 posse¹.
1139 1046 1171 1059 -

139 1139 191 1207 De
228 1139 351 1234 jurum
388 1139 636 1209 constitutione
670 1167 708 1208 ac
736 1140 929 1210 mutatione
952 1141 1072 1210 eadem
1096 1162 1171 1236 pone

138 1271 341 1342 Cournotus
352 1272 538 1342 affirmat²:
554 1274 726 1344 eademde
736 1274 948 1368 religionum
957 1287 1017 1344 aut
1025 1271 1169 1344 moruml.

139 1407 214 1474 Non
238 1405 266 1473 is
289 1419 340 1475 est
362 1407 457 1475 enim
478 1407 682 1477 Cournotus
704 1408 777 1504 qui,
802 1451 848 1461 —
864 1419 1065 1477 nostrornm
1086 1406 1173 1502 philo

138 1540 331 1635 sophorum
367 1567 464 1610 more
495 1541 555 1637 qui
588 1541 726 1612 decimo
759 1555 882 1613 octavo
916 1541 1045 1611 saeculo
1073 1542 1174 1610 llorue-

136 1687 219 1744 runt
235 1719 279 1726 —
297 1675 505 1744 haecomnia
528 1703 569 1744 ex
584 1676 690 1771 hujus
709 1689 770 1746 aut
788 1675 882 1745 illius
897 1676 1053 1746 hominis
1071 1676 1175 1743 intenta
1211 1710 1213 1737 ι

138 1807 313 1879 voluntate
333 1810 482 1904 pendero
502 1810 705 1888 arbitretur;
726 1810 901 1880 laboribus
919 1811 1057 1879 innisus
1072 1809 1175 1906 quibus

137 1941 305 2021 historici,
339 1954 375 2010 ut
407 1943 592 2038 Sangus,
625 1944 777 2015 Ronan²³.
807 1944 886 2012 Max
914 1943 1073 2022 nullut
1101 1939 1177 2010 initia

137 2102 253 2144 rernm
291 2076 526 2146 humanarum
560 2077 777 2155 detexerunt,
817 2077 928 2172 pluris
962 2076 1044 2146 lacit
1078 2100 1175 2146 causas

138 2234 156 2278 ((
182 2210 224 2278 ab
257 2210 414 2279 humano
437 2211 579 2280 arbitrio
608 2211 758 2280 alienas⁷
791 2236 822 2281 t).
855 2211 902 2280 Ut
937 2210 1096 2306 linguam
1122 2208 1177 2277 sine

135 2344 382 2436 grammaticis,
424 2344 469 2413 ita
501 2344 581 2439 jura
617 2358 735 2414 censet
764 2345 895 2440 absque
930 2341 1178 2440 jurisconsulto

136 2504 228 2555 rum,
258 2477 442 2572 religiones
474 2491 589 2547 autom
623 2479 752 2574 alisque
786 2478 1007 2548 sacerdotum
1033 2505 1097 2574 ope
1121 2501 1179 2572 pro·

136 2612 255 2680 creari.
273 2612 323 2679 Ex
336 2612 444 2680 inscia
463 2625 579 2681 mente
598 2611 811 2707 populorum
839 2611 917 2682 talia
936 2612 1034 2708 prius
1058 2621 1177 2684 exeunt,

135 2759 237 2842 atque
264 2746 432 2841 paulatim
456 2758 639 2839 augentur,
671 2758 708 2815 ut
739 2745 856 2814 omnia
882 2773 960 2841 quir
979 2745 1069 2815 vivis
1093 2744 1180 2814 adnn-

135 2879 261 2949 mcrari
277 2880 385 2949 (lecet.

183 3023 247 3092 Cui
270 3023 428 3118 opinioni
443 3036 615 3119 quantum
630 3023 777 3092 faverint
796 3024 856 3119 qui
871 3037 950 3119 post
965 3023 1128 3093 Nostrum
1146 3020 1178 3089 de

134 3157 464 3250 robus'sociologicis
479 3157 731 3236 disseruerunt
751 3183 855 3225 nemo
870 3170 920 3226 est
934 3156 1020 3253 quin
1038 3167 1180 3254 expertus

172 3465 193 3512 1.
216 3459 331 3513 Morclre
346 3460 397 3513 cles
410 3461 492 3514 Ide'cs
508 3470 536 3513 ot
551 3459 601 3513 des
616 3449 676 3520 En,
693 3461 715 3518 1,
729 3480 754 3530 p.
773 3463 816 3513 57.

169 3553 192 3601 2.
216 3549 302 3600 Enclt.
321 3549 370 3602 des
386 3549 475 3607 [dors.
493 3550 526 3607 Il,
545 3569 569 3620 p.
584 3552 711 3602 180-183.

168 3643 193 3689 :t
214 3637 301 3697 lttd„
317 3639 349 3697 ll,
367 3658 391 3708 p.
408 3641 466 3695 141,
486 3642 545 3690 146.
561 3639 602 3689 Cf.
621 3638 778 3695 ‚tlateriat.‚
794 3657 818 3707 p.
835 3640 895 3691 tot.

168 3730 193 3778 l.
215 3729 266 3779 (lit.
286 3727 312 3779 in
328 3727 412 3777 linelr.
430 3727 480 3778 (les
494 3727 586 3787 ideas,
602 3727 635 3781 ΙΙ,
653 3746 677 3796 p.
698 3729 756 3778 439.

168 3820 193 3869 5.
215 3816 266 3868 Cit.
284 3815 371 3871 llud..
390 3816 422 3871 ll,
440 3836 464 3885 p.
483 3819 525 3869 57.

168 3908 193 3958 ὓ,
216 3905 267 3956 Cit.
288 3903 370 3961 ltid..
387 3904 419 3962 ll,
441 3924 464 3973 p.
483 3907 525 3955 81.

170 3999 193 4046 7.
217 3994 372 4050 steterint..
389 4012 414 4063 p.
431 3996 490 4044 221.
