2684 4896
521 354 661 403 ..31-

53 488 132 582 jure
146 487 239 555 filius
254 486 488 582 potiusquam
503 496 599 580 pater
613 483 776 553 Ecclesiae
796 482 863 552 dici
879 495 991 579 potest
1001 484 1023 552 ¹.
1048 483 1118 562 Sic,

58 645 136 714 quae
170 617 363 687 naturalem
380 615 559 685 scientiam
580 615 711 709 ellugit,
749 614 931 694 rationem,
964 642 1031 711 qua
1062 614 1121 683 he-

58 778 164 820 roum
184 751 364 820 facultates
403 749 670 824 constituantur,
704 774 775 817 non
804 748 961 817 dubitare
988 748 1125 817 videtur

59 883 262 968 ¹Cournotus
291 882 377 978 quin
398 881 540 951 scientia
570 880 786 958 societatum,
821 879 946 948 melius
973 880 1119 950 munita.

59 1015 174 1109 aliqua
199 1039 241 1082 ex
269 1025 364 1108 parte
385 1013 530 1106 detegat.

108 1147 215 1236 Quod
249 1147 277 1216 si
311 1147 487 1215 facultates
520 1145 595 1214 illas
629 1157 761 1215 naturae
790 1144 908 1241 aliquo
935 1172 1015 1214 casu
1048 1145 1123 1214 dari

59 1292 239 1375 putamus,
263 1279 433 1348 societatis
459 1279 579 1347 saltem
605 1277 818 1347 adminiculo
843 1278 980 1347 easdem
1001 1305 1123 1348 conec-

62 1413 187 1482 damus
208 1438 319 1505 egere,
343 1425 381 1481 ut
395 1412 439 1481 ad
460 1412 595 1506 frugem
613 1423 741 1480 certam
765 1411 982 1508 solidamque
1004 1438 1125 1506 perve-

60 1547 171 1616 niant.
204 1546 278 1615 Nisi
311 1547 347 1614 in
381 1558 461 1641 apto
495 1545 569 1615 solo
602 1572 680 1641 quar
708 1558 873 1614 seruntur
891 1571 1044 1615 creseere
1068 1573 1125 1615 ne-

62 1693 197 1776 queunt
217 1707 223 1748 :
247 1679 385 1748 nullum
400 1679 571 1775 populum
590 1705 738 1773 magnus
759 1679 812 1747 vir
827 1691 955 1758 movet,
974 1679 1042 1748 nisi
1064 1705 1125 1775 per

61 1813 192 1907 sejam
217 1825 365 1883 motum.
399 1814 445 1882 Ut
478 1840 556 1909 (111ae
585 1812 720 1881 imenit
756 1812 814 1881 ille
841 1838 921 1881 vere
952 1813 1126 1882 fructifera

61 1957 218 2016 constare
237 1947 384 2041 possint,
399 1958 534 2042 oportet
548 1946 797 2042 plerorumque
813 1957 845 2014 ct
865 1947 1125 2017 necessitatibus

60 2106 99 2148 ea
123 2081 333 2150 subveniant
358 2092 391 2149 et
416 2080 635 2149 facultatibus
668 2080 910 2149 convenianff.
949 2081 1125 2149 Memento

60 2213 292 2307 magneticam
309 2213 474 2308 pyxidem
491 2226 523 2283 ct
542 2224 651 2282 artem
666 2213 953 2309 typographicam
969 2213 1125 2283 Caelestis

59 2347 204 2443 Imperii
229 2347 434 2444 priusquam
464 2348 611 2443 Europae
637 2348 761 2417 incolis
782 2347 887 2416 fuisse
914 2347 1122 2427 familiares;

59 2480 226 2575 equibus
255 2480 319 2549 hos
348 2493 396 2550 tot
426 2481 596 2550 mirabilia
624 2481 749 2550 ducere
780 2481 888 2562 vides
925 2480 1002 2550 illos
1026 2506 1125 2576 perne

58 2613 184 2680 nihil³.
203 2613 263 2692 Ea,
288 2640 365 2709 quaa
384 2614 526 2683 inventa
546 2626 639 2693 sunt,
662 2627 861 2709 temporum
883 2613 1125 2683 comuniontia

57 2746 176 2840 potins
188 2771 294 2841 quam
305 2772 424 2815 rerum
439 2747 595 2842 ipsarum
608 2746 817 2842 proprietate
831 2747 982 2815 maxime
995 2746 1121 2816 valent.

57 2879 232 2958 Victorias,
245 2906 351 2976 quam
360 2881 534 2949 Lutherus
544 2881 740 2975 reportavit,
755 2880 927 2949 rationem
937 2880 1125 2975 quamdam

58 3012 195 3092 reddas,
214 3013 243 3081 si
263 3013 368 3082 modo
388 3013 589 3082 animorum
602 3014 772 3082 tumultus
783 3013 1121 3110 respexerisquibuS,

58 3145 323 3240 quintodecimo
354 3146 495 3224 saecule,
528 3146 680 3215 Ecclesia
708 3147 872 3215 labefacta
902 3158 952 3215 est
975 3147 1010 3214 in
1042 3147 1126 3215 (ler-

94 3461 119 3509 1.
142 3456 361 3513 Μαίένίαὶἰεηιθ,
379 3477 403 3527 p.
420 3461 479 3510 190.
496 3489 531 3496 -
546 3458 587 3509 Cf.
609 3458 725 3510 ,tlarcte
743 3458 793 3510 des
804 3459 896 3519 lddes,
912 3460 932 3516 l,
948 3479 973 3529 p.
992 3461 1052 3510 289.

92 3549 117 3597 2.
142 3545 258 3597 Murche
272 3545 321 3597 des
331 3545 422 3602 ldees,
440 3547 473 3603 ll,
491 3566 515 3616 p.
536 3549 591 3599 toa.
609 3547 649 3597 En
660 3555 737 3598 note:
758 3564 774 3595 a
785 3548 823 3598 En
840 3555 896 3599 tout
909 3566 987 3616 genre
999 3547 1023 3598 le
1038 3547 1125 3597 besoin

52 3635 113 3704 plus
127 3634 211 3703 grand
227 3636 305 3704 qu'on
325 3654 339 3686 a
360 3635 541 3687 actuellement
564 3635 625 3686 d'un
647 3636 728 3704 grand
750 3636 855 3687 homme
880 3637 996 3693 larerise,
1014 3637 1087 3686 sinen
1103 3637 1126 3686 la

51 3724 212 3795 productiora
227 3723 262 3774 du
277 3743 364 3792 germe
378 3743 437 3775 avec
461 3743 498 3775 ses
512 3724 620 3792 qualitds
640 3725 744 3783 natives,
761 3725 796 3775 du
817 3727 899 3776 moins
915 3743 960 3776 son
975 3725 1127 3794 developpe-

50 3821 136 3866 ment.
153 3820 179 3863 et
193 3831 240 3882 par
261 3815 418 3882 consequent
440 3814 462 3864 le
487 3813 648 3882 plrenomene
671 3814 813 3884 historique
832 3814 863 3865 de
879 3814 1040 3883 l'apparition
1063 3813 1124 3863 d'un

48 3901 135 3936 nunna
154 3901 260 3936 lmmmn
293 3923 305 3936 u
