2858 5090
537 477 569 488 ..
591 449 623 502 45
643 479 676 487 ..

134 582 318 652 Societates
342 607 424 651 roro
444 608 539 650 nunc
559 583 785 678 respiciamus
809 609 815 651 :
839 583 956 652 animo
977 583 1146 680 complec-

83 715 1138 814 tarrrurquarationeconstituanturpopuli,gentes,nationes:

81 876 180 945 quam
193 849 338 920 dirersis
351 876 488 919 necnon
505 850 795 919 convenientibus
806 851 1003 921 actionibus
1013 853 1143 950 amplo-

82 1010 155 1052 rum
183 984 326 1054 illorum
354 1011 542 1080 corporum
572 984 641 1053 vita
669 995 900 1064 sustentetur;
932 1012 1001 1082 qua
1033 986 1144 1056 cohae-

81 1118 195 1200 rentia,
219 1145 342 1188 corum
361 1117 539 1214 particulis
554 1117 628 1187 sinc
652 1119 911 1188 intermissione
931 1131 1141 1214 praetercun-

81 1253 178 1332 tibus,
196 1253 318 1322 eadem
336 1265 451 1323 tamen
464 1265 690 1348 permaneant
706 1278 744 1321 ac
759 1252 965 1347 perdurent:
983 1281 1051 1349 qua
1067 1253 1141 1348 lege

82 1400 203 1466 autem,
235 1399 422 1484 postquam
455 1387 692 1465 adoleverunt,
720 1387 915 1458 necessario
945 1402 1138 1468 senescant,

83 1521 170 1589 hand
182 1521 331 1590 dubium
348 1521 433 1617 quin
445 1521 625 1598 fateamur,
641 1520 674 1588 in
687 1547 836 1600 summa,
852 1521 894 1589 ad
906 1521 1140 1591 animantium

82 1654 183 1724 instar
198 1655 376 1725 societates
397 1655 523 1724 vivere.
537 1655 679 1723 Frustra
699 1653 829 1723 Millius
845 1654 1015 1724 infitiatur
1032 1681 1051 1725 a
1068 1682 1143 1726 cor-

83 1815 206 1883 porum
226 1787 462 1884 politicorum‚
486 1801 525 1857 ut
549 1787 774 1866 naturalium,
799 1813 872 1856 esso
894 1788 1012 1857 neseio
1035 1816 1141 1884 quam

77 1922 307 2016 juventutem,
324 1922 573 2002 maturitatem,
593 1933 808 1990 senectutem
829 1935 931 2018 atque
942 1936 1092 1992 mortem
1106 1949 1138 1994 a.

82 2056 210 2126 inritus
219 2057 293 2152 ipsc
306 2067 447 2126 testatur
456 2055 660 2124 societatum
672 2067 786 2124 aetates
796 2082 869 2124 esse
879 2055 1139 2136 discernendas,

82 2216 214 2259 necnon
231 2190 303 2259 vim
323 2189 525 2286 quamdam,
545 2217 613 2285 qua
628 2189 825 2260 consociata
845 2189 1016 2259 elementa
1033 2191 1143 2260 cohae-

81 2336 186 2404 reant,
210 2349 283 2392 esse
300 2323 598 2419 supponendam¹.

127 2458 231 2547 Quod
257 2457 400 2554 quidem
432 2485 472 2526 ex
503 2458 655 2553 partium
682 2457 807 2526 clarius
834 2457 938 2526 etiam
966 2484 1071 2553 quam
1101 2484 1142 2526 er

81 2591 281 2688 complexus
296 2592 537 2661 observatione
550 2591 690 2686 patebit.
708 2591 811 2660 Verbi
828 2591 947 2684 gratia,
968 2592 995 2660 si
1015 2617 1143 2661 sermo-

82 2753 158 2794 ncm
186 2753 258 2822 quo
289 2726 478 2795 consociati
511 2725 672 2794 homines
701 2736 849 2793 utuntur
876 2725 1079 2820 dispexeris,
1113 2726 1142 2794 is

82 2860 138 2928 tibi
160 2859 255 2929 rituli
275 2860 428 2956 quodam
449 2861 532 2929 {latu
552 2859 652 2954 quasi
672 2858 846 2928 animatus
863 2885 935 2926 esso
951 2858 1138 2927 videbitur.

83 2994 189 3090 Cujus
212 2993 383 3063 elementa
403 2994 605 3062 harmonica
621 2992 772 3087 quadam
793 2993 924 3061 rationo
944 3005 1141 3062 sesoosten-

82 3127 166 3197 dunt
200 3154 273 3197 csse
311 3140 487 3220 cognata:
525 3141 558 3196 et
592 3126 769 3221 eliguntur
805 3138 837 3196 et
870 3139 1142 3216 concatenantur

82 3261 275 3331 secundum
305 3261 464 3330 ordinem
488 3261 678 3357 quemdam
705 3261 762 3329 cui
782 3260 976 3355 loquentes
1006 3261 1141 3330 etiamsi

82 3397 152 3490 ojus
168 3396 262 3466 haud
282 3396 424 3474 conscii,
447 3395 855 3490 omnesohsequuntu1·².
874 3395 1021 3464 Interior
1036 3395 1142 3488 igitur

82 3543 112 3598 et
126 3529 349 3600 absconditus
364 3543 414 3598 est
429 3530 525 3600 labor
541 3556 611 3624 quo
627 3529 814 3599 verborum
830 3542 1003 3598 structura
1018 3528 1143 3598 consti-

83 3665 202 3733 tuitur:
234 3677 266 3732 et
292 3663 449 3758 ejusdcm
477 3675 655 3732 momenta
685 3663 731 3730 ita
761 3663 978 3732 deliniuntur
1007 3673 1141 3730 utnon

116 3936 139 3986 1.
161 3935 234 4002 Syst.
251 3931 286 3982 de
305 3931 435 4002 Logique,
455 3931 519 3982 trad.
538 3932 582 3991 fr„
599 3931 632 3988 ll.
654 3950 679 4000 p.
698 3933 907 3988 350‚510,524.
925 3960 957 3968 -
972 3929 1024 3982 Cit.
1039 3930 1065 3980 in
1082 3932 1142 3982 Ma·

82 4021 183 4080 tertul„
201 4041 226 4091 p.
245 4023 305 4073 190.

116 4115 140 4163 2.
162 4109 248 4162 uncta.
264 4109 314 4162 des
328 4109 419 4168 Idees,
437 4109 470 4170 ΙΙ,
483 4109 557 4178 chap.
571 4112 595 4162 3.
614 4139 645 4148 -
662 4108 703 4161 Cf.
722 4107 875 4168 Mate'riot,
889 4126 915 4176 p.
931 4108 1055 4160 195-204.
