2858 5090
761 445 902 495 ..75-

293 581 435 678 jusdam
460 578 595 674 generis
616 575 805 646 hominum
827 575 995 647 materiali
1015 577 1265 648 constitutione
1284 605 1365 674 pen-

297 715 376 786 dero
417 714 540 783 Noster
572 711 734 781 declarat.
769 711 823 780 Ad
859 737 897 780 ea
933 711 1131 780 definienda
1166 711 1361 791 adducitur,
1414 773 1415 788 ³

297 875 387 945 quae,
410 847 649 916 esocietatum
670 845 827 941 ipsarum
849 845 1098 915 constitutione
1116 858 1305 942 assumpta,
1330 847 1363 914 in

299 1008 422 1052 omnes
449 982 768 1077 phronomenorum
802 978 919 1058 series,
948 1005 1189 1076 quascumque
1220 980 1365 1051 historia

297 1127 448 1212 praestat,
468 1126 597 1185 certam
617 1124 904 1208 constantemque
921 1114 992 1182 rim
1013 1125 1184 1183 exercent.

348 1250 450 1320 Verbi
470 1249 589 1343 gratia,
608 1248 646 1317 in
661 1247 874 1341 religionum
898 1258 1060 1317 naturam
1081 1259 1114 1317 et
1133 1248 1241 1318 vitam
1262 1276 1365 1344 quau·
1415 1259 1416 1304 ἲ

301 1399 374 1456 tum
401 1395 518 1480 posset
544 1383 674 1478 species
694 1393 796 1476 atque
817 1381 929 1450 sorma
950 1381 1167 1460 societatum,
1186 1382 1365 1478 inquibus

299 1518 367 1587 illas
390 1529 584 1596 versantur,
604 1516 726 1586 Noster
746 1514 983 1584 sollertissime
1010 1515 1172 1585 ostendit.
1193 1516 1265 1605 Qui
1281 1543 1366 1612 saepe

300 1650 516 1747 proemonuit
531 1662 569 1718 ut
584 1649 768 1744 religiones
784 1675 856 1718 non
872 1648 978 1718 modo
994 1648 1151 1718 doctrina
1172 1649 1233 1719 sed
1253 1650 1366 1732 sociali

300 1785 576 1855 conformatione
609 1785 900 1886 secernerentur¹.
935 1781 1065 1852 Sedulo
1091 1783 1250 1853 distinxit
1281 1784 1362 1879 ipse,

300 1920 398 1989 abiis
414 1945 499 2016 quas
517 1945 535 1988 a
552 1917 731 1987 hieraticas
753 1943 771 1986 ))
803 1917 985 1986 nominare
1010 1917 1142 1996 suadet,
1174 1943 1193 1987 <‹
1219 1918 1367 2013 prosely-

303 2054 383 2123 ticas
401 2079 433 2124 ».
454 2051 537 2131 lllae,
555 2052 641 2121 dum
664 2077 798 2120 morem
821 2051 995 2146 majorum
1018 2064 1236 2130 consecrant,
1261 2063 1367 2121 extor-

301 2215 365 2258 nos
386 2187 547 2257 homiues
568 2198 606 2255 ut
625 2186 741 2256 hostes
758 2185 955 2281 repudiant,
979 2197 1082 2281 atque
1103 2211 1164 2255 sua
1184 2186 1367 2281 peculiaria

301 2321 465 2415 dogmata
489 2320 624 2414 integra
648 2331 682 2388 et
712 2319 839 2388 intacta
859 2319 895 2387 in
916 2319 1054 2388 latebris
1082 2345 1217 2388 servaro
1247 2346 1367 2389 conan-

301 2466 374 2532 tur;
403 2480 589 2550 progressu
613 2481 695 2523 vero
720 2466 753 2524 et
777 2453 963 2524 hominum
988 2465 1130 2523 extenso
1157 2454 1366 2524 commercio

301 2614 372 2657 non
392 2599 539 2683 possunt
560 2615 631 2657 non
646 2587 812 2684 quassari.
833 2587 1051 2656 llumanitati
1067 2587 1205 2656 cultiori
1220 2588 1367 2683 prosely-

303 2721 377 2791 tican
406 2722 620 2791 conveniunt
646 2722 851 2815 religioncs;
884 2748 975 2816 quae,
1004 2721 1172 2817 quoniam
1206 2721 1366 2791 hominos

302 2855 456 2925 diversos
475 2855 512 2924 in
534 2881 640 2924 unam
655 2855 877 2950 disciplinam
897 2881 1019 2949 cogere
1037 2867 1221 2935 conantur,
1240 2856 1317 2926 idco
1332 2857 1365 2923 in

303 2989 374 3059 suis
394 2989 615 3082 dogmatibus
631 2989 803 3085 quidquid
819 2989 860 3057 ad
876 2988 1064 3058 hominum
1081 3015 1227 3084 corpora
1247 3002 1280 3060 et
1297 3017 1366 3058 san-

303 3123 446 3216 guinem
456 3123 577 3192 attinet
586 3123 847 3218 praetermittere
855 3122 1014 3193 debent²z
1030 3123 1364 3218 itautsociali-quam

342 3381 362 3430 l.
386 3378 602 3434 Mcttdriulismc.
621 3397 645 3448 p.
668 3380 727 3430 205.
745 3379 765 3429 ll
789 3379 843 3430 saut
858 3378 988 3430 discernor
1005 3399 1017 3427 a
1039 3379 1062 3430 la
1076 3378 1170 3430 double
1192 3379 1365 3448 participatior

303 3469 346 3520 ilos
361 3468 517 3519 institutions
533 3467 678 3536 religieuscs
690 3471 703 3517 a
717 3468 739 3518 la
755 3468 792 3518 ric
807 3467 838 3518 dc
852 3468 875 3518 la
888 3469 980 3519 societte
993 3475 1018 3519 et
1037 3471 1050 3518 a
1065 3468 1087 3518 la
1103 3468 1143 3518 ric
1158 3467 1189 3518 do
1204 3468 1228 3518 la
1246 3486 1366 3538 porsonuc

304 3558 436 3616 lrumaiue,
453 3557 520 3626 prise
534 3556 597 3607 dans
610 3575 654 3607 son
670 3556 856 3608 individualite.
880 3577 893 3605 a

339 3651 364 3699 2.
385 3645 499 3697 lllarrlrc
515 3644 566 3697 des
581 3645 664 3698 Ide'es
678 3653 705 3698 et
720 3645 770 3698 des
788 3631 844 3702 llo..
865 3647 885 3700 l,
903 3666 927 3716 p.
944 3651 984 3698 55.
1005 3667 1018 3694 a
1040 3647 1059 3697 ll
1081 3654 1118 3698 cst
1132 3645 1164 3697 de
1179 3647 1202 3698 la
1218 3654 1306 3698 natrrro
1326 3647 1366 3696 dos

304 3737 424 3803 religions
439 3736 622 3804 proselyliqucs
637 3735 772 3786 d'incliner
786 3754 817 3786 au
833 3735 1013 3804 spiritualismc
1027 3739 1077 3786 ora
1093 3735 1251 3790 l'asco'tisme.
1268 3737 1366 3786 cest-li·

303 3826 357 3876 diro
372 3825 402 3875 dc
417 3825 484 3876 tcnir
497 3843 546 3893 peu
560 3825 591 3874 dc
612 3832 714 3893 compto
728 3824 759 3874 dc
783 3825 907 3875 l'hommc
922 3825 1036 3891 chamel,
1051 3826 1096 3894 qui
1112 3831 1183 3893 porte
1208 3825 1366 3875 risiblomcnt

304 3913 465 3983 l'empminte
479 3914 510 3964 de
524 3921 577 3965 tant
590 3913 621 3965 dc
635 3913 785 3964 dill'e'rcaccs
799 3913 977 3964 individuelles
987 3921 1012 3965 et
1025 3913 1056 3964 do
1067 3921 1121 3964 tant
1136 3913 1167 3964 de
1180 3913 1326 3964 differences
1338 3912 1365 3962 dr

305 4023 382 4068 iaces,
396 4022 461 4072 pour
475 4003 610 4054 s'attuclrcr
624 4003 655 4054 de
666 4004 814 4073 pre'ldrcnco
827 4006 840 4054 a
855 4022 890 4055 un
906 4003 1021 4075 principe
1035 4003 1158 4055 inrerieur
1171 4010 1197 4055 et
1213 4002 1336 4055 invisible.
1352 4022 1363 4052 a

305 4091 491 4164 cr.1rra.‚p.
513 4095 573 4144 aar.
669 4160 670 4164 Ν
724 4109 726 4114 v
