2858 5090
524 465 554 476 -
577 435 609 490 (37
622 417 665 476 ’.-

74 583 214 650 tuantur,
238 571 304 640 hoc
325 582 386 649 est,
410 596 488 666 quae
506 571 756 666 postulantur¹.
784 570 859 640 Hoc
879 569 916 640 in
938 569 1030 651 loeo,
1053 597 1125 641 non

73 717 178 774 autem
189 705 227 773 in
246 704 306 773 illo
319 730 338 773 a
351 715 401 773 tot
416 704 649 774 aeeonomistis
669 703 827 800 pertrita,
851 705 942 800 leges
956 705 1125 802 quasdam

73 838 321 908 mathematicas
342 838 544 908 Cournotus
558 838 701 934 reperiri
716 863 818 933 posse
834 852 962 910 censet.

114 971 241 1041 Eodem
257 971 376 1051 modo,
398 971 484 1039 dum
505 972 757 1041 aeconomieam
775 972 956 1042 scientiam
972 999 991 1041 a
1005 971 1126 1042 ceteris

74 1105 309 1175 secernendam
330 1131 403 1174 esse
418 1117 528 1201 putat,
548 1105 685 1176 criterio
706 1106 863 1176 obsoleto
887 1107 981 1176 haud
1003 1107 1124 1187 utitur,

75 1265 129 1308 neo
150 1239 309 1310 eobeedit
341 1266 430 1318 earn,
466 1239 631 1334 neglectis
655 1240 821 1309 omnibus
849 1267 1081 1336 quaecumque
1110 1267 1128 1308 e

75 1374 285 1445 societatibus
294 1386 441 1454 exstent,
455 1374 496 1443 de
513 1374 747 1466 singularibus
762 1375 966 1444 hominibus
977 1386 1126 1454 tanturn,

75 1507 246 1604 adprivata
260 1509 415 1588 intentis,
428 1534 528 1602 agere
537 1508 673 1578 debere.
688 1509 777 1589 lma,
786 1509 879 1578 hoea
886 1509 976 1604 juris
990 1509 1131 1579 scientia

74 1668 142 1710 ram
162 1642 414 1738 sejungendam
430 1668 504 1712 esse
518 1654 618 1738 putat
636 1642 732 1738 quod
746 1642 805 1712 illa
815 1642 1009 1738 inprivatis
1024 1642 1130 1738 potis-

74 1775 196 1844 simum
205 1787 374 1855 versatur,
392 1776 608 1846 aeeonomioa
624 1802 707 1846 vero
719 1777 756 1845 in
764 1774 949 1872 publicis²3
968 1775 1132 1846 homines

75 1909 164 2002 quasi
179 1909 347 2003 globatim
367 1908 442 1980 hate
463 1910 630 1990 intuetur,
654 1909 713 1979 illa
735 1909 931 2005 separatim.
956 1909 1134 1979 Juriseon-

74 2041 148 2110 sulti
163 2054 225 2123 est,
243 2069 305 2112 seu
321 2043 363 2112 de
379 2044 662 2140 proprietatibus
683 2070 743 2114 seu
756 2043 799 2113 de
810 2043 1036 2138 vectigalibus
1050 2057 1134 2114 trae-

75 2186 127 2255 tat‚
151 2203 255 2246 suurn
277 2177 405 2274 cuique
424 2179 623 2248 adtribuere
640 2179 771 2258 conari,
791 2191 824 2248 et
843 2204 897 2247 res
923 2177 970 2248 ita
990 2203 1132 2274 compo-

75 2335 149 2379 nere
169 2323 208 2380 ut
227 2311 315 2408 quid
334 2312 461 2408 cuique
480 2313 664 2408 proprium
679 2325 829 2391 maneat,
848 2311 935 2408 quid
955 2338 973 2380 a
992 2338 1134 2408 quoque
1192 2401 1193 2404 Ἴ

75 2444 236 2538 exigatur,
261 2446 424 2516 facillime
450 2461 632 2543 appareat:
664 2446 898 2516 aeonomistae
926 2471 1021 2526 vero,
1048 2445 1134 2514 dum

74 2576 191 2647 iisdem
206 2579 249 2649 de
263 2580 366 2649 rebus
384 2592 517 2660 tractat,
532 2580 576 2650 ad
591 2581 658 2650 hoe
675 2592 809 2650 tanturn
821 2579 996 2650 attendere
1006 2579 1135 2676 quibus

75 2712 181 2782 rnodis
190 2713 333 2792 divitiae,
347 2713 385 2782 in
399 2715 618 2795 universum,
634 2726 693 2784 aut
703 2725 896 2810 augeantur
910 2714 1137 2784 autminuan-

76 2856 125 2912 tur
149 2873 154 2914 :
182 2846 257 2942 qui,
281 2847 416 2917 etiamsi
436 2848 478 2918 de
493 2849 655 2918 servitute
674 2848 872 2944 abroganda
889 2861 978 2942 agat,
1006 2848 1096 2917 hano
1118 2873 1136 2916 e

106 3105 130 3155 1.
152 3102 240 3162 laid..
257 3123 283 3173 p.
301 3105 343 3156 92.
361 3125 374 3153 n
395 3104 429 3156 Le
442 3105 499 3175 prix
512 3105 581 3174 regie
598 3105 621 3156 la
636 3106 839 3157 consommation
854 3124 897 3163 ou,
914 3123 1016 3156 comme
1036 3123 1069 3156 on
1088 3105 1135 3165 dit,

73 3189 256 3252 inderauuda,
272 3200 297 3244 et
312 3196 326 3242 a
347 3211 392 3244 son
408 3201 466 3245 tour
480 3195 504 3246 la
523 3194 650 3245 demanda
667 3195 737 3264 regie
752 3195 775 3246 la
789 3195 951 3264 productiori.
969 3193 996 3246 Si
1010 3202 1050 3246 cet
1063 3194 1138 3246 ordre

74 3286 108 3330 est
119 3284 246 3341 renverse,
263 3288 288 3333 et
300 3283 382 3352 qu’un
392 3282 480 3334 article
494 3283 528 3334 ait
543 3285 582 3334 ete
597 3283 818 3354 imprudemment
829 3283 936 3354 produit
949 3283 1056 3335 au·delh
1070 3283 1102 3336 de
1111 3301 1138 3334 ce

74 3387 120 3436 que
132 3370 242 3422 reclama
256 3369 280 3422 la
294 3373 499 3423 consommation
515 3372 649 3441 reguliera,
672 3391 706 3424 ou
720 3391 771 3442 que
792 3373 815 3424 le
830 3373 964 3424 detenteur
981 3373 1013 3424 de
1033 3373 1139 3424 l'article

74 3458 106 3508 ait
119 3459 207 3510 besoin
222 3460 281 3511 d'en
296 3461 422 3512 accolerer
438 3481 471 3512 ou
483 3461 542 3514 d'en
557 3463 640 3514 sorcer
655 3463 678 3513 le
692 3463 771 3521 debit,
789 3463 807 3513 il
821 3463 876 3514 saut
894 3463 952 3514 bien
967 3481 1017 3532 que
1030 3462 1054 3514 la
1068 3481 1139 3514 mar-

75 3546 191 3600 chandise
204 3549 295 3617 s'offre
309 3557 334 3601 et
349 3569 395 3620 par
409 3554 566 3620 consequent
581 3552 699 3602 s'avilisse
718 3553 923 3621 passagerement
937 3571 970 3602 ou
986 3551 1139 3604 accidental-

75 3635 177 3698 lenrent,
190 3639 293 3709 jusqu'b
317 3658 345 3690 ce
368 3659 418 3710 que
439 3641 462 3692 la
486 3640 568 3692 baisse
588 3641 619 3691 de
642 3641 699 3710 prix
723 3641 893 3692 determinata
914 3641 1017 3692 aeheter
1032 3645 1103 3692 toute
1117 3640 1141 3692 la

74 3727 186 3793 quantit&
200 3727 305 3789 offerte;
321 3730 384 3780 mais
394 3730 418 3781 la
426 3730 526 3781 theoria
539 3731 579 3781 n'a
595 3729 689 3800 pointb
699 3731 828 3800 s’occuper
841 3729 872 3781 de
883 3746 922 3782 ces
937 3749 977 3782 cas
987 3748 1138 3788 anormaux.

74 3813 103 3864 de
117 3834 157 3867 ees
170 3817 362 3887 perturbatione
376 3821 530 3888 passagenos.
554 3839 567 3868 n

107 3907 131 3956 2.
153 3905 241 3958 Enclt.
260 3906 310 3959 das
325 3907 418 3964 Idrias.
434 3908 467 3967 ll,
484 3927 509 3978 p.
528 3910 588 3960 242.
607 3929 620 3958 <r
637 3909 672 3960 La
682 3908 879 3978 jurisprudence
893 3908 985 3959 touche
1007 3927 1056 3959 aux
1071 3907 1140 3959 inte-

74 3993 122 4062 rets
136 3995 229 4064 prives,
246 3996 330 4047 tendis
340 4015 390 4066 que
403 3997 426 4048 la
435 3995 535 4048 'science
546 3999 714 4068 economique
722 3997 862 4067 s'applique
873 4004 975 4048 surtout
987 3999 1001 4047 a
1015 3996 1038 4048 la
1051 3997 1142 4048 sociato

74 4082 138 4150 prise
153 4103 186 4135 en
201 4103 283 4156 corps.
306 4107 320 4135 »
