2684 4896
690 348 724 356 -
744 318 777 370 eo
796 288 840 355 -’

224 454 337 525 modis
354 453 478 531 oritur,
501 451 696 521 secundum
716 477 805 547 ques
821 452 1082 526 constituuntur
1098 451 1301 522 societates,

225 587 365 676 Quodsi
379 585 545 656 Germani
556 585 750 654 libertatem
766 583 990 679 potissimum
1002 585 1216 665 dilexerunt,
1230 585 1304 655 hoc

225 747 297 790 non
324 732 393 789 tarn
418 745 460 788 ex
490 745 611 788 eorum
638 717 832 787 anatomica
860 719 1139 788 conformatione
1169 720 1305 788 Noster

223 853 425 922 ducendum
447 879 520 922 esse
539 852 664 920 latetur
688 877 794 947 quam
815 877 856 920 ex
877 876 1001 920 corum
1017 853 1097 932 vita,
1120 853 1158 921 in
1182 852 1299 927 silvis,

224 1015 293 1057 nen
304 989 338 1056 in
353 986 510 1065 urbibus,
524 986 664 1055 tolerate
677 986 699 1053 ¹.
712 984 846 1053 Eodem
863 985 985 1066 mede,
1000 988 1095 1083 qued
1110 987 1134 1055 ii
1147 986 1211 1082 qui
1225 987 1304 1055 An-

223 1122 328 1215 gliam
346 1122 560 1214 subegerunt
577 1119 717 1215 superbi
731 1120 874 1188 fuerunt
888 1132 921 1188 ct
936 1121 1058 1215 jurum
1080 1146 1228 1190 suorum
1248 1131 1300 1190 te-

224 1282 339 1334 naces,
363 1255 444 1333 hec,
464 1254 643 1348 ttacaulay
667 1265 763 1332 teste,
789 1253 907 1322 nrinus
927 1281 967 1323 ex
992 1279 1114 1323 cerum
1145 1254 1299 1350 physica

223 1388 341 1457 indole
359 1413 464 1484 quam
483 1413 501 1455 e
520 1385 640 1455 sociali
655 1386 859 1455 conditione
879 1364 944 1455 luit
960 1386 1203 1456 t1·al1cndum².
1224 1388 1296 1456 Po-

224 1522 326 1616 pulos
355 1532 472 1589 autem
500 1531 651 1598 nostres,
675 1519 774 1615 quasi
800 1519 1182 1615 confusc.pcrlihrat05‚
1209 1548 1297 1591 cum

223 1654 362 1750 populis
382 1653 576 1723 secundum
594 1653 721 1746 gradus
740 1653 971 1748 ordinemque
991 1655 1198 1750 compositis
1213 1680 1297 1724 cen-

225 1788 273 1854 l'er
288 1814 293 1863 ;
308 1786 481 1880 intelliges
494 1811 613 1881 quam,
628 1811 697 1853 non
711 1785 893 1855 Gallorum
909 1798 1042 1881 tantum
1056 1786 1116 1855 sed
1128 1787 1294 1856 emnium

125 1996 126 2001 η
224 1919 429 1988 liberiorem
449 1919 607 2012 gentium
627 1919 735 1987 animi
756 1920 829 1988 sine
856 1920 1115 1989 intermissione
1139 1920 1290 2016 inquieti

224 2079 418 2148 eorumque
439 2064 555 2123 metus
581 2051 685 2120 subiti
706 2078 780 2122 esse
800 2053 966 2124 soleant³.
991 2053 1121 2122 Eadem
1144 2053 1291 2132 ratione,

224 2186 311 2282 quid
326 2213 344 2254 c
360 2185 688 2280 congregationibus
709 2185 896 2265 clerorum,
917 2188 972 2255 vel
990 2213 1008 2255 e
1028 2187 1295 2282 conjuratorum

225 2321 371 2390 occultis
394 2321 537 2391 caetibus
560 2320 644 2389 oriri
664 2320 786 2389 debeat
799 2321 822 2398 ¹⁴,
849 2323 971 2390 Noster
991 2321 1161 2391 enuntiat.
1186 2322 1236 2390 lta
1257 2333 1305 2389 ut,

220 2455 300 2549 jure
329 2454 582 2524 concludamus
611 2480 692 2523 eum
725 2465 778 2522 tet
805 2455 975 2549 exemplis
1010 2481 1083 2524 sese
1110 2454 1299 2523 curiosum

224 2589 414 2657 ostendisse
423 2614 542 2658 earum
556 2588 810 2684 proprietatum
821 2615 970 2684 quarum
980 2600 1180 2657 constantes
1194 2589 1312 2656 css‘ee-

221 2733 279 2790 *tus
298 2721 502 2814 socielegica
519 2721 661 2790 scientia
681 2721 852 2790 hodierne
873 2722 928 2791 dic
943 2721 1113 2816 explicare
1126 2734 1300 2791 conetur.

753 2971 769 3002 ᾗ

726 3037 739 3067 t
782 3034 798 3066 ἴ

274 3216 409 3312 Exque
431 3216 510 3287 satis
533 3217 634 3312 plane
663 3218 795 3312 percipi
824 3208 937 3312 potest
960 3217 1080 3286 talium
1105 3216 1223 3310 legum
1249 3208 1334 3285 al

261 3440 284 3488 l.
308 3437 424 3489 Mar-che
440 3437 490 3490 des
507 3437 599 3495 lde'es,
615 3438 648 3497 ll,
665 3458 691 3507 p.
710 3441 770 3491 254.

261 3529 286 3577 r.
309 3525 615 3586 contestarent.
635 3547 659 3596 p.
678 3529 738 3584 ree.
759 3519 816 3582 167.

260 3618 285 3666 3.
308 3615 424 3667 Mcrclte
440 3614 490 3666 des
504 3615 598 3673 Ide'es,
613 3615 647 3674 ll,
662 3636 687 3685 p.
706 3619 766 3668 272.
786 3638 799 3664 a
813 3617 834 3666 ll
849 3624 886 3667 cst
903 3616 1003 3667 naturel
1018 3634 1068 3684 que
1083 3615 1119 3666 les
1133 3616 1238 3666 societcs
1253 3610 1332 3664 ni

224 3705 306 3754 rele'es
320 3713 420 3774 possent
435 3722 480 3774 par
495 3704 538 3755 des
552 3704 714 3756 alternatives
728 3705 760 3755 de
781 3704 930 3756 turbulcnec
944 3712 970 3754 ct
984 3705 1015 3754 dc
1034 3705 1196 3762 soumission‚
1212 3698 1331 3754 tandi

224 3811 274 3861 que
288 3793 429 3861 l'agitation
454 3801 582 3845 centenae
600 3792 665 3861 (seb
682 3792 742 3861 lege
765 3792 899 3861 libertos)
923 3800 960 3844 est
975 3793 998 3843 le
1012 3812 1107 3863 propre
1122 3794 1166 3845 des
1188 3793 1254 3844 socie
1268 3797 1297 3838 t
1309 3788 1332 3835 ὀ

226 3882 352 3914 nenne:
356 3890 563 3914 ..............
566 3883 644 3914 :cnm
702 3903 714 3914 t
