2684 4896
665 310 807 362 ..90-

205 451 344 514 rerum¹
367 471 374 512 :
397 469 465 540 qua
479 442 644 513 methodo
659 442 746 511 dum
762 453 920 521 utuntur,
940 453 1087 512 utuntur
1103 443 1271 514 methodo

205 603 224 646 a
245 577 425 646 Cournoto
441 575 696 646 commendata.

255 710 360 798 Quod
378 723 495 780 autem
514 709 558 779 ad
578 709 757 779 scientiam
777 708 917 804 proprie
938 709 1271 804 sociologicamatti-
1333 772 1338 783 .

205 856 275 921 net,
292 844 415 922 Tarde,
430 843 626 912 Durkhein.
647 842 795 911 Simmel
805 842 909 911 citare
929 842 1009 911 satis
1025 854 1087 912 est.
1107 844 1271 932 Quorum

205 1004 297 1046 unus
317 976 403 1045 dum
424 977 547 1046 modos
570 976 735 1046 discernit
754 976 881 1071 quibus
902 976 1067 1046 homines
1100 988 1160 1045 aut
1189 1003 1271 1046 suos

205 1110 352 1206 majores
386 1122 446 1179 aut
477 1136 557 1179 suos
591 1109 741 1205 aquales
778 1106 1001 1187 imitentur²;
1051 1111 1147 1188 alter,
1191 1137 1272 1206 quar

204 1245 348 1314 effluant
360 1272 378 1313 e
393 1244 597 1313 societatum
608 1244 698 1313 inter
707 1271 742 1313 se
754 1243 1013 1313 occurrentium
1024 1244 1220 1340 frequentia
1234 1246 1244 1276 ³
1263 1271 1269 1313 :

205 1377 326 1447 tertius
352 1405 420 1474 qua
441 1377 654 1455 necessitate,
672 1377 744 1447 in«
766 1377 987 1446 densioribus
1010 1404 1028 1447 >>
1057 1377 1267 1449 civitatibus.

203 1511 331 1580 diversi
355 1511 488 1580 labores
516 1510 769 1581 distribuantur
785 1511 807 1588 ⁸,
835 1522 1006 1579 conantur
1027 1537 1138 1606 arque,
1163 1539 1273 1608 quan-

204 1672 311 1741 quam
325 1644 553 1714 dissimilibus
566 1644 742 1741 operibus‚
759 1644 965 1738 sociologica
978 1645 1215 1740 phaenomena
1234 1646 1271 1714 in

203 1779 408 1849 universum
432 1779 588 1857 definire,
615 1822 661 1832 -
680 1779 776 1875 quod
796 1779 918 1848 Noster
943 1805 1096 1876 quoque,
1119 1791 1158 1848 ut
1184 1780 1272 1849 ridi-

205 1940 296 1993 mus
319 1913 435 2010 aliqua
455 1939 495 1982 ex
515 1925 611 2008 parte
625 1914 700 2009 jam
720 1926 864 1984 conatus
885 1925 947 1983 est.

254 2048 350 2135 Quos
381 2047 537 2116 diversos
571 2047 818 2116 historicorum
847 2047 902 2116 vel
927 2047 1269 2142 philosophicorum,

204 2180 502 2249 aeoonomicorum
530 2181 585 2250 vel
613 2181 905 2275 sociologieornm
936 2207 1083 2276 operum
1112 2194 1273 2250 auctores

204 2314 290 2383 dum
310 2315 469 2395 citamus,
493 2316 591 2384 nullo
607 2315 711 2385 modo
732 2316 768 2383 in
787 2315 906 2384 animo
928 2316 1098 2385 habemus
1123 2316 1274 2410 probare

205 2474 262 2517 eos
282 2475 301 2516 a
321 2449 445 2519 ¹Nostro
465 2450 660 2518 doctrinam
673 2463 732 2519 aut
755 2450 961 2519 methodum
981 2477 1055 2519 esse
1076 2461 1269 2520 mutuatos.

206 2582 368 2670 Quorum
397 2595 531 2651 constat
557 2576 747 2652 nonnullos
770 2583 943 2652 Cournoti
971 2584 1120 2680 aequales
1147 2583 1269 2663 fuisse,

206 2727 425 2810 posterorum
446 2743 528 2786 vero
548 2717 744 2812 plerosque,
767 2729 806 2787 ut
829 2716 977 2796 videtur,
1001 2743 1078 2787 raro
1099 2718 1273 2787 Cournoti

204 2875 308 2944 opera
336 2850 524 2919 versarissc
544 2877 607 2920 nec
632 2851 706 2946 ejus
726 2851 880 2920 consiliis
900 2851 1053 2921 multum
1074 2878 1147 2921 esse
1172 2878 1268 2921 usos.

206 2983 283 3051 'Non
312 2995 363 3051 est
391 2995 549 3052 nostrum
576 2984 795 3080 propositum
822 2985 1074 3064 demonstrare,
1101 3027 1147 3036 —
1174 2985 1272 3081 quod

203 3115 495 3212 philosophorum
534 3118 868 3188 commentatoribus
902 3119 1028 3213 sarpius
1054 3119 1190 3198 accidit,
1224 3162 1272 3186 ,-

204 3250 334 3329 omnia
358 3278 447 3346 quar,
472 3263 591 3321 nostro
611 3251 751 3330 saeculo,
774 3251 879 3347 digna
894 3264 1014 3322 notatu
1030 3252 1170 3322 inventa
1186 3253 1269 3333 sint,

242 3609 264 3657 Ι.
287 3606 412 3657 Munera.
434 3607 682 3676 {satu-sactungen
698 3612 767 3660 ater
777 3608 824 3659 dio
839 3608 969 3662 ,tlertode
981 3608 1032 3661 der
1046 3607 1271 3662 Soet'alu’issens-

203 3694 327 3758 clroften.
352 3727 387 3733 —
411 3693 546 3747 Waerrn.
580 3695 783 3766 Grrmdlcguug
810 3696 861 3750 der
893 3697 1078 3751 Politisclren'
1094 3697 1269 3759 AEkouoruie,

204 3785 253 3835 rol.
270 3784 291 3837 l.

240 3877 265 3925 2.
289 3876 341 3925 Les·
352 3873 405 3926 lois
422 3873 457 3927 de
473 3872 651 3927 l’lmitatiou.

239 3967 264 4014 tr.
291 3961 502 4015 [choroaciae
518 3963 769 4033 Differeuzirruug.

239 4054 264 4107 4.
287 4054 326 4103 La
339 4050 460 4110 division
475 4051 514 4104 du
530 4052 634 4110 ιναναίἱ
646 4053 745 4110 seriel.
