2858 5090
524 519 556 530 ..
578 493 610 542 37
632 511 663 530 -ι

70 625 203 694 servitus
223 623 369 719 indigna
388 625 593 694 hominibus
612 627 898 721 pronuntiaretur
913 655 976 698 nec
992 631 1123 702 diutius

64 759 134 853 jura
153 759 265 828 civilia
293 759 487 827 secundum
508 759 713 852 religionem
734 761 864 830 civium
888 763 1123 857 partirenturil

68 894 113 962 De
132 894 203 988 ejus
225 893 399 963 societatis
415 893 496 972 fine,
516 920 594 988 quar
615 893 758 964 feudalis
779 896 993 976 nominatur,
1011 899 1065 967 rel
1081 899 1123 968 de

67 1027 231 1121 religionis
262 1026 458 1096 christianae
493 1027 736 1097 reformatione
771 1029 898 1100 similia
929 1031 1118 1102 dicamus'.

68 1161 184 1230 Sedulo
205 1187 384 1230 secernere
409 1173 545 1256 oportet
567 1162 610 1230 ab
635 1162 689 1241 iis,
713 1191 790 1259 quae
810 1190 871 1258 per
886 1165 1056 1245 accidens,
1084 1194 1123 1236 ea
1154 1229 1155 1232 ,

66 1322 134 1390 quaa
166 1293 361 1364 secundum
395 1295 508 1388 legem
541 1296 750 1366 saeculorum
779 1299 995 1379 evenerunt,
1018 1311 1056 1369 ut
1075 1301 1118 1370 ab

66 1429 202 1524 equoris
223 1428 414 1498 vorticibus
435 1429 591 1497 tluminis
615 1443 781 1499 tenorem.

107 1562 240 1650 Quibus
268 1561 357 1630 nihil
381 1562 558 1658 antiquius
582 1563 647 1631 suit
671 1590 776 1658 quam
804 1565 1005 1661 principum
1033 1594 1120 1662 prae-

64 1695 227 1764 clarorum
256 1707 350 1788 gesta
379 1695 595 1790 consignare,
621 1695 776 1765 historici
804 1723 876 1766 uon
907 1698 974 1766 nisi
1001 1699 1120 1769 nimiis

65 1830 189 1898 casibus
205 1830 331 1900 fractos
347 1843 379 1899 et
394 1829 493 1925 quasi
513 1829 698 1900 dissolutos
719 1831 859 1900 annales
880 1831 1116 1906 tradiderunt:

64 1976 234 2058 propterea
261 1963 356 2058 quod
381 1975 430 2032 tot
454 1975 487 2031 et
514 1975 583 2031 tam
608 1963 826 2033 diversorum
856 1978 1119 2035 momentorum

65 2097 153 2166 obliti
173 2109 266 2176 sunt,
286 2123 376 2194 quae,
391 2123 592 2194 quanquam
611 2097 728 2166 minus
747 2098 906 2178 illustria,
924 2099 1119 2194 plurimum

65 2245 169 2301 tamen
194 2231 308 2300 valent
327 2231 371 2299 ad
394 2231 461 2330 lata
486 2231 702 2326 populorum
725 2233 963 2328 praefinienda.
987 2234 1118 2303 Eodem

61 2392 154 2459 picae
176 2365 277 2461 lapsu
301 2377 445 2460 peccaut
469 2365 542 2460 qui,
569 2392 770 2461 quanquam
794 2367 1007 2462 populorum
1026 2367 1118 2463 ipse-

60 2525 132 2590 rum
158 2499 264 2568 vitam
289 2499 480 2568 redivivam
505 2499 614 2568 lacere
641 2512 823 2579 conantur,
852 2525 974 2602 eorum
999 2501 1117 2570 discri-

60 2633 146 2702 mina
177 2645 311 2703 tantum
340 2633 445 2725 digna
473 2633 646 2702 aestimant
669 2661 747 2730 quac¹
771 2647 966 2704 narrentur.
1004 2636 1118 2704 Dum-

60 2767 156 2837 modo
175 2779 292 2837 autom
312 2767 371 2836 illa
392 2767 560 2836 detexeris
582 2795 660 2863 quaa
684 2768 720 2836 in
743 2767 876 2838 intimis
898 2769 1116 2839 societatibus

59 2913 231 2971 versantur
248 2928 254 2970 :
271 2928 342 2997 quo
369 2927 465 2971 moro
490 2913 524 2971 et
549 2901 671 2974 habitu
699 2903 860 2972 homiues
890 2929 1115 2973 communem

59 3034 156 3104 ritam
180 3035 344 3114 tolerent;
367 3036 495 3131 quibus
515 3037 654 3130 organis
674 3036 811 3106 divitias
832 3037 976 3131 gignant
997 3049 1030 3107 ct
1049 3065 1116 3134 qua

58 3168 124 3262 lege
144 3169 235 3240 inter
257 3195 292 3239 se
312 3169 536 3266 dispertiant;
560 3197 630 3266 quo
651 3170 768 3240 animo
790 3171 919 3241 litteras
942 3171 1112 3250 excolant,

59 3303 209 3375 scientias
234 3317 474 3400 promoveant,
498 3305 731 3401 philosophiae
753 3305 836 3374 dent
858 3331 1019 3401 operam;
1052 3306 1115 3374 du-

57 3435 147 3506 bium
167 3464 239 3507 nou
255 3449 306 3506 cst
320 3437 406 3533 quin
423 3438 483 3507 tibi
505 3439 618 3508 sontes
638 3439 837 3534 aperiantur
856 3466 874 3508 e
894 3439 1021 3534 quibus
1042 3465 1114 3509 non

58 3569 117 3639 illae
137 3570 279 3667 quidem
298 3571 467 3652 minimae,
492 3571 704 3642 secundariae
721 3584 753 3642 et
767 3599 846 3642 vere
865 3572 1030 3652 fortuitae,
1054 3573 1114 3642 sed

89 3965 111 4015 l.
133 3963 247 4016 Murclre
261 3963 311 4016 des
325 3963 417 4027 lde'es,
439 3966 529 4024 1,9a;
548 3965 581 4023 ll,
600 3969 659 4018 317.

87 4055 109 4103 2.
130 4052 216 4111 lttd,
232 4053 265 4106 ll.
283 4054 303 4104 ll
318 4055 371 4104 saut
383 4055 527 4127 distinguer
543 4075 556 4104 α
570 4055 593 4108 la
606 4055 639 4107 loi
655 4055 689 4106 du
706 4055 781 4108 si'eclc
795 4077 808 4105 a
825 4055 910 4109 d'avcc
926 4055 1059 4114 l'accident
1075 4059 1112 4108 ro·

57 4141 245 4198 volutiounaire.
269 4162 282 4195 u
