2684 4896
523 373 556 383 ...
577 345 608 395 27
629 373 663 383 .-

58 476 166 545 modo
186 476 339 571 alligare,
358 488 391 546 et
405 477 448 545 ab
467 477 521 556 iis‚
545 504 623 573 quan
645 478 681 547 in
701 505 737 547 re
753 491 907 574 separata
928 491 1120 558 remanent,

57 636 216 679 connexa
236 610 443 679 discernere.
458 611 539 699 Quo
555 613 615 680 fiet
629 624 668 681 ut
682 612 724 681 de
740 612 856 682 medio
877 639 995 682 rerum
1015 615 1124 682 ssuxa-

58 770 152 823 rum,
175 744 308 840 aliquid
327 744 536 814 continuum
557 759 590 816 et
604 759 766 815 constans
782 746 957 816 emineat:
981 747 1016 814 in
1037 747 1124 843 ipsa-

57 903 136 944 rum
155 902 273 945 rerum
286 876 447 955 decursu,
467 876 661 947 dummodo
679 877 758 946 satis
774 877 893 971 longe,
917 877 1027 955 abiis,
1045 905 1123 975 quae

57 1009 161 1103 plane
194 1008 380 1101 singularia
408 1023 600 1079 evenerunt
629 1022 661 1078 et
693 1009 766 1079 sine
793 1010 970 1078 effectibus
1002 1021 1123 1080 notatu

57 1142 174 1236 dignis
204 1142 425 1222 transierunt,
464 1155 687 1212 secernentur
715 1143 932 1213 dominantia
961 1144 1118 1212 erenta¹.

58 1276 309 1345 Phaenomenis
328 1277 474 1345 omnino
500 1277 645 1346 diversis
673 1289 706 1346 et
731 1277 832 1346 variis
858 1304 930 1347 sese
955 1304 1115 1373 compen-

58 1409 216 1478 santibus
236 1421 270 1479 et
288 1411 387 1505 quasi
400 1410 551 1480 invicem
571 1411 849 1490 obliterantibus,
879 1411 1033 1480 historiae
1055 1424 1118 1489 est,

56 1543 202 1638 perinde
217 1569 256 1612 ae
271 1543 369 1613 istius
381 1544 579 1614 novissimae
593 1544 786 1640 disciplinae
797 1570 903 1640 quam
918 1544 1120 1614 statistieam

57 1676 299 1756 nominamus,
321 1677 411 1747 inter
425 1677 611 1772 peculiaria
628 1677 830 1747 eommunia
849 1677 1118 1773 deprehendere,

56 1811 255 1881 constantia
273 1810 363 1880 inter
384 1824 511 1881 temere
530 1810 753 1880 aeeidentia².

107 1945 241 2014 Contra
266 1944 416 2040 eosqui,
449 1944 544 2039 quod
573 1957 623 2015 tot
649 1970 746 2014 easus
776 1956 835 2013 aut
865 1970 907 2013 ex
934 1943 1122 2013 hominum

56 2079 296 2149 voluntatibus
325 2090 383 2147 aut
417 2105 458 2147 ex
495 2104 613 2147 rerum
642 2077 796 2173 ipsarum
831 2076 1123 2147 concursionibus

55 2214 198 2283 effluere
208 2211 419 2306 intelligunt,
432 2224 559 2304 negant
571 2212 816 2304 sociologioam
831 2211 939 2280 ullam
957 2209 1124 2305 cognitio·

57 2373 140 2416 nem
154 2372 256 2442 posse
266 2345 442 2425 constitui,
455 2345 633 2441 quomodo
644 2346 769 2414 Noster
782 2344 871 2413 lianr
880 2371 979 2413 suam
991 2343 1125 2439 opinio-

55 2506 139 2549 nem
160 2478 338 2557 defendat,
356 2505 469 2572 operm
489 2477 641 2572 pretium
661 2490 711 2547 est
730 2477 879 2547 breviter
900 2477 1120 2547 adumbrare.

108 2747 196 2816 Earn
211 2745 368 2842 primum
389 2746 608 2815 exsolvamus
624 2745 862 2815 difficultatem
883 2772 960 2840 qua
984 2772 1002 2813 e
1022 2743 1125 2812 liber-

59 2891 127 2949 tate
144 2879 337 2948 humanae
362 2879 470 2974 priori
493 2879 644 2948 ducitur.
667 2879 767 2967 Quae,
786 2889 825 2948 ut
847 2879 956 2957 aiunt,
979 2877 1125 2973 impedit

56 3183 168 3250 systema
183 3187 221 3231 est
236 3181 298 3248 regi,
320 3187 345 3230 et
366 3198 423 3230 sans
445 3197 569 3230 eoncours
591 3178 729 3230 accidentel
748 3177 915 3229 d'influences
932 3180 1079 3247 otrangeres
1092 3196 1125 3229 au

57 3272 167 3339 systema
182 3288 232 3338 que
247 3269 270 3319 la
290 3269 387 3320 theone
399 3269 536 3323 embrasse.
556 3269 571 3318 il
588 3269 630 3337 n'y
645 3286 658 3318 a
672 3287 716 3338 pas
730 3285 780 3318 non
796 3268 853 3337 plus
867 3267 1008 3325 d'histoire.
1025 3267 1088 3318 dans
1101 3267 1125 3318 le

58 3358 112 3408 rrai
127 3376 184 3409 sens·
198 3356 233 3408 du
249 3365 312 3414 mot.
328 3376 394 3427 pour
409 3376 459 3408 une
477 3358 542 3408 suite
563 3357 753 3408 d'eienements
767 3357 811 3425 qui
827 3356 935 3407 seruient
949 3375 1006 3406 sans
1026 3375 1125 3407 aucune

56 3448 148 3498 liaison
162 3453 236 3498 entre
250 3465 308 3498 eux.
326 3468 339 3496 a
356 3477 389 3486 --
402 3446 444 3498 Cf.
460 3445 573 3498 Marciae
590 3445 639 3497 des
660 3444 752 3503 Ide‘es,
768 3445 800 3496 ll.
816 3464 841 3514 p.
862 3447 923 3498 319.
942 3466 955 3495 a
972 3444 1013 3495 Uu
1028 3445 1124 3495 certain
1187 3510 1189 3514 Α

57 3536 177 3605 meluuge
191 3535 223 3586 do
240 3535 287 3586 lois
301 3535 451 3586 neeessaires
463 3542 488 3585 et
502 3534 533 3585 de
553 3536 611 3586 suits
624 3534 775 3585 accidentels
796 3553 828 3584 ou
844 3534 1024 3604 providentiels
1045 3541 1082 3586 est
1097 3552 1124 3584 re

56 3625 103 3695 qui
119 3625 217 3676 motivo
230 3624 341 3694 l'emploi
354 3623 389 3674 du
404 3631 459 3675 mot
473 3623 627 3675 d'leistoire.
647 3644 661 3672 »

95 3717 119 3765 1.
142 3712 277 3765 Foedera.
294 3712 329 3764 de
344 3731 394 3764 uos
410 3730 500 3769 roan..
518 3713 551 3771 ΙΙ,
567 3732 591 3782 p.
610 3716 669 3765 203.

95 3807 120 3856 2.
143 3800 347 3854 Endromidas
367 3801 459 3853 [dees.
476 3802 509 3861 li,
524 3821 549 3870 p.
567 3805 610 3859 52,
632 3803 693 3854 347.
711 3801 846 3851 L'histoire
863 3821 876 3851 a
896 3804 972 3870 opere
987 3820 1086 3852 romine
1103 3801 1125 3851 ia

57 3892 213 3961 stetistique
230 3891 341 3960 quoique
356 3890 433 3941 d'une
448 3898 520 3940 autre
536 3890 658 3946 muniere,
675 3890 852 3940 l'dlimiuation
867 3889 911 3939 des
922 3890 993 3940 essets
1007 3890 1124 3940 acciden-

58 3981 106 4037 tels
120 3999 155 4032 ou
170 3970 303 4038 raria‘bles
320 3985 346 4033 et
360 3979 383 4032 la
398 3979 587 4032 manifestation
603 3979 646 4031 des
660 3997 745 4031 causes
759 3978 899 4054 gdiidrales.
915 4000 928 4029 a
