2684 4896
591 324 731 374 -89-

134 455 342 551 populorum
362 455 454 523 vices
479 454 623 524 eadem.
647 455 682 522 in
703 481 855 527 summa.
881 455 987 524 lluere
1011 455 1190 525 deberent.

134 589 236 658 Alter.
253 589 338 656 dum
354 588 504 658 ostendit
524 614 639 657 mores
654 601 688 657 et
703 588 1007 683 institutapublica
1022 615 1064 658 ex
1078 588 1193 657 modis

90 774 94 786 .
134 722 280 817 pendere
302 721 431 817 quihus
453 723 615 791 homines
638 733 852 815 cognoscant
875 748 993 791 rerum
1018 734 1190 793 naturam.

135 856 314 924 corifirmat
351 856 528 925 societates
561 857 745 925 humanas.
787 856 940 924 scientiis
968 855 1193 951 progredien-

137 989 233 1067 tibus
256 989 366 1083 magis
390 989 569 1085 magisque
589 1016 631 1057 ex
652 990 787 1058 ratione
806 989 1062 1066 administrari;
1086 989 1132 1058 ita
1156 1000 1195 1057 ut

134 1122 327 1192 alterutrius
355 1123 541 1191 nonnullas
567 1123 741 1192 doctrinas
766 1123 890 1192 Noster
916 1150 985 1192 una
1006 1135 1121 1192 mente
1149 1121 1195 1189 ri·

134 1255 249 1324 deatur
269 1255 588 1351 comprehendisse.

176 1390 285 1484 Leges
312 1389 462 1485 denique
488 1390 630 1484 proprie
658 1390 875 1461 scientificae
903 1390 1031 1486 quibus
1051 1389 1193 1484 phama-

135 1549 327 1601 menorum‚
351 1549 429 1618 quae
449 1523 484 1590 in
506 1522 726 1592 societatibus
750 1533 942 1601 versantur,
966 1521 1193 1617 proprietates

134 1655 340 1725 definiantur
371 1657 406 1724 iu
430 1657 646 1735 universum,
670 1668 753 1724 sunt
771 1655 832 1752 qui
852 1655 1023 1724 hodierno
1048 1655 1103 1725 dic
1122 1682 1193 1725 me-

136 1789 266 1858 thodica
282 1790 470 1885 requirant.
495 1789 636 1858 Diutius
656 1789 799 1885 quidem
819 1788 961 1857 scientia
979 1788 1194 1859 ceconomica

135 1948 150 1990 a
170 1921 328 1991 rationali
359 1922 526 1993 methodo
556 1923 741 1992 abhorrere
768 1922 839 1990 visa
859 1934 930 1999 est;
961 1933 1078 2017 utpote
1098 1949 1189 2017 quar,

136 2067 285 2125 veterum
306 2056 614 2126 aeconomistarum
634 2057 854 2151 dogmatibus
874 2055 1019 2133 insensa,
1044 2054 1194 2124 diverso-

134 2216 207 2257 rum
239 2203 500 2259 momentorum
527 2190 662 2259 curiosa
690 2191 818 2286 quibus
838 2216 986 2286 quaque
1007 2187 1100 2257 natio
1121 2188 1192 2257 suis

134 2324 230 2392 rehus
268 2323 489 2392 aecouomieis
517 2324 695 2420 propriam
727 2324 876 2416 effigiem
915 2324 1120 2418 imponeret,
1155 2323 1191 2390 in

134 2454 308 2526 historiam
324 2457 423 2553 quasi
442 2457 686 2526 delaberetur¹.
713 2456 881 2526 Nonnulli
906 2483 988 2526 vero
1009 2469 1193 2526 senserunt

134 2615 233 2684 quam
260 2590 477 2685 impossihile
504 2603 593 2659 esset
613 2591 655 2670 ei,
686 2590 747 2686 qni
773 2589 908 2659 diversa
937 2589 1090 2658 historiae
1117 2588 1191 2658 ruo-¹

135 2735 245 2791 nienta
258 2723 440 2818 complecti
453 2737 647 2802 conaretur,
664 2723 844 2793 scientiam
860 2723 1049 2819 quamdam
1065 2721 1191 2791 consti-

133 2865 235 2934 tuere,
277 2868 310 2924 et
338 2855 383 2924 ita
412 2857 518 2925 veteri
557 2856 735 2936 methodo,
772 2869 947 2926 renovatae
978 2856 1121 2952 quidem
1159 2866 1192 2924 et

134 2988 400 3056 necessariarum
427 2989 684 3058 correctiormm
704 2989 865 3066 consciae,
889 2989 1060 3058 honorem
1080 2988 1193 3058 redhi-

134 3120 289 3191 buerunt.
311 3123 379 3202 Sic,
403 3124 499 3192 verbi
514 3123 633 3217 gratia,
653 3137 685 3192 et
700 3124 853 3217 lllenger,
878 3135 911 3191 et
925 3124 1088 3216 Wagner,
1108 3123 1193 3192 alter

133 3255 302 3335 audacius,
329 3256 532 3351 prudentius
553 3257 649 3335 alter,
678 3256 906 3325 necessariam
926 3282 999 3325 esse
1018 3255 1193 3325 declarant

133 3401 234 3458 artem
255 3417 334 3485 qua,
368 3390 532 3483 neglectis
565 3418 642 3485 qua¹
672 3389 706 3457 in
730 3389 874 3458 historia
902 3389 1075 3469 accidunt,
1099 3389 1191 3484 leges

136 3522 338 3592 universales
359 3524 611 3619 concipiantur,
642 3523 768 3619 quilius
787 3523 1064 3593 determinentur
1083 3524 1192 3620 pretia

167 3959 188 4008 l.
209 3958 250 4010 Cf.
268 3958 440 4010 Scaurorum.
460 3956 773 4026 Litteratnrgrsrlticltte
801 3957 851 4011 der
875 3960 972 4010 staats
996 3954 1054 4009 und
1079 3957 1189 4009 Social-

136 4047 366 4114 wissenschaften.
