2684 4896
424 1334 474 1385 DE
504 1334 677 1387 LEGIBUS
701 1335 917 1387 Ettrlulcls

185 1726 431 1820 Dogmatibus,
447 1753 464 1796 e
479 1728 605 1822 quibus
622 1727 825 1822 philosophi
839 1727 1021 1796 historiam
1034 1726 1204 1795 deducere

137 1859 252 1928 conati
267 1873 393 1937 essent,
413 1860 621 1956 quantulum
635 1862 762 1931 faveret
776 1862 979 1931 Cournotus
993 1862 1065 1954 jam
1082 1887 1204 1928 sumus

138 1992 290 2087 experti:
323 2018 412 2088 quos
438 2020 560 2062 omnes
586 1994 672 2063 Icari
698 1995 755 2062 t'ati
781 1995 965 2089 participes
992 2020 1066 2063 csse
1090 2005 1200 2088 putat.

141 2125 203 2194 Res
226 2126 398 2195 humanas
416 2127 451 2194 iu
472 2128 591 2196 orbem
608 2128 824 2196 circumferri
839 2128 924 2196 t'ieo
940 2127 1123 2195 arbitratus
1138 2137 1200 2204 est,

140 2259 246 2352 Hegel
262 2271 378 2329 autem
395 2272 485 2330 recta
500 2260 591 2329 linea
611 2261 771 2354 progredi
797 2288 802 2328 :
827 2261 944 2329 Nostri
964 2260 1094 2354 judicio
1114 2287 1203 2328 erra-

138 2404 262 2462 verunt
289 2394 407 2473 arnbo,
435 2394 563 2488 quippe
592 2394 653 2488 qui
680 2394 779 2462 obliti
806 2406 920 2462 esseut
949 2421 1003 2462 res
1033 2393 1204 2461 luummas

139 2527 329 2623 implicatas
350 2555 422 2598 esse
442 2555 555 2624 ncquc
571 2555 690 2598 earum
711 2556 853 2599 cursum
869 2530 970 2599 lineis
991 2556 1092 2624 posse
1116 2556 1203 2624 pra*-

140 2661 269 2729 scribi¹.
283 2661 470 2732 Historiam
487 2689 549 2731 nec
563 2663 773 2756 geometrico
795 2689 858 2732 nec
880 2663 1085 2755 telcologieo
1102 2689 1203 2731 more

142 2795 352 2865 tractandam
375 2821 448 2865 esse
471 2796 671 2865 Cournotus
692 2797 926 2876 commonuit,
947 2809 980 2865 et
999 2796 1091 2889 leges
1111 2795 1199 2874 illas,

142 2953 214 3022 quae
232 2941 282 2998 tot
300 2929 527 3024 philosophos
548 2929 717 3008 alliciunt,
737 2930 836 2998 valde
854 2940 1030 3024 suspectas
1045 2928 1199 2997 lrabuit².

184 3062 293 3154 Leges
316 3073 433 3132 tamen
459 3062 587 3158 quibus
614 3088 731 3131 rerum
763 3063 999 3131 humanarum
1029 3061 1203 3130 connexio

141 3195 190 3263 vel
210 3196 409 3264 consecutio
431 3195 683 3265 describeretur
711 3221 783 3264 non
810 3195 981 3263 dubitavit
1007 3194 1198 3274 enuntiare,

138 3326 196 3397 has
216 3341 333 3398 autem
349 3329 442 3399 itaet
460 3330 551 3399 inter
567 3355 601 3398 se
618 3341 650 3398 et
668 3356 749 3397 eum
771 3329 913 3424 reliquis
933 3329 1007 3423 ejus
1029 3328 1203 3422 opinioni-

169 3582 195 3628 1.
217 3576 434 3634 Mater-inlisum,
448 3597 473 3646 p.
491 3581 555 3630 235:
575 3599 588 3625 a
608 3578 631 3627 A
647 3584 813 3646 proprement
834 3577 926 3645 parler,
944 3576 961 3626 it
977 3578 1015 3644 η’)
1040 3595 1054 3625 a
1071 3595 1114 3645 pas
1127 3576 1203 3643 (dans

134 3664 259 3716 l'histoirc
273 3666 305 3716 de
319 3666 483 3733 l'lmmanite)
492 3667 523 3717 de
534 3673 700 3717 mouremcut
709 3665 813 3733 general
823 3665 946 3716 re'suttam
959 3664 1022 3715 dela
1034 3665 1202 3734 composition

132 3756 177 3807 des
194 3763 373 3806 mouvements
387 3756 508 3825 partiels;
536 3757 569 3807 les
586 3762 763 3825 eomposantes
777 3755 931 3824 pretendues
944 3761 1002 3805 sont
1025 3761 1082 3823 trop
1097 3755 1201 3804 hue'ro-

134 3848 213 3912 geues
227 3863 295 3915 pour
314 3852 459 3915 comporter
471 3864 521 3896 une
541 3846 689 3903 resultante,
706 3851 731 3894 ct
752 3844 774 3895 la
795 3844 935 3913 geometrie
950 3844 1015 3894 u'est
1029 3861 1073 3918 pas
1087 3843 1118 3893 de
1140 3842 1202 3893 misc

133 3952 175 3985 rer.
199 3956 213 3982 »

171 4027 197 4078 ⁶2.
218 4021 333 4079 Marclre
349 4022 399 4079 des
415 4022 506 4082 Ιάέεε,
524 4023 543 4080 Ι,
561 4023 630 4078 Pru.
