2684 4896
563 346 704 396 „20-

146 483 192 551 ,n
210 507 281 551 non
302 492 438 550 tantum
458 505 576 548 rerum
596 478 702 548 simul
721 479 956 561 existentium,
980 483 1164 553 sedetiam

100 640 118 684 ((
138 613 430 709 consequentium
443 636 461 682 »
475 610 557 679 tales
567 610 661 705 leges
669 610 749 680 licet
760 611 796 680 in
812 612 929 682 lucem
939 615 1161 710 producere¹.

97 747 138 815 ln
160 746 234 840 ipsa
253 743 445 813 mobilitate
472 769 588 812 rerum
608 742 803 838 periodicos
824 744 1057 814 discernimus
1076 747 1164 816 redi-

98 889 164 945 tus.
181 876 400 953 Animantes
418 900 436 942 a
457 873 559 944 natali
575 873 631 943 die
650 875 820 971 usquead
842 888 1004 957 mortem,
1024 905 1164 948 norma-

96 1009 187 1079 libus
213 1008 423 1106 quibusdam
453 1007 788 1077 commutationibus
819 1010 982 1080 ridentur
1005 1012 1160 1081 obnoxii.

96 1144 211 1212 Terrae
224 1143 332 1238 ipsius
352 1143 389 1211 in
410 1141 554 1212 historia
569 1141 745 1210 ordinatos
761 1169 883 1212 cursus
904 1145 1074 1214 normalis
1095 1174 1163 1242 que

96 1288 272 1347 momenta
289 1275 468 1368 Geologiei
483 1275 699 1345 discernunt.
723 1275 762 1344 ln
779 1276 843 1346 hac
859 1303 1000 1373 quoque
1022 1280 1162 1349 materia

95 1439 214 1482 causas
243 1409 394 1490 stabiles,
427 1409 668 1480 constitutioni
691 1411 886 1503 systematis
911 1411 1007 1506 quod
1038 1428 1161 1508 regunt

94 1547 193 1644 quasi
213 1546 435 1624 inhaerentes,
459 1571 477 1613 a
497 1570 576 1615 vere
592 1543 743 1613 fortuitis
759 1558 792 1614 et
808 1546 1036 1616 exterioribus
1051 1548 1160 1616 causis

95 1667 277 1776 sejungere
302 1678 515 1774 possumus²
537 1705 543 1746 :
568 1677 624 1746 hic
641 1704 781 1774 qnoque
801 1679 1093 1774 distinguendum
1112 1694 1160 1751 est

93 1813 178 1910 quid
207 1824 340 1892 natura,
367 1812 451 1908 qnid
485 1811 624 1880 fortuna
648 1812 795 1881 eveniat.
827 1813 931 1902 Quod
966 1813 994 1881 si
1017 1828 1158 1884 cometae

93 1973 252 2025 occursu,
280 1945 334 2015 rel
360 1944 520 2040 praeviso,
548 1943 641 2012 orbis
674 1956 842 2013 terrarum
871 1946 1061 2038 frangatur,
1093 1948 1157 2017 hoc

92 2080 227 2150 eveniat
240 2105 302 2175 per
317 2078 475 2148 accidens
490 2104 497 2155 ;
515 2077 612 2173 qnod
633 2078 785 2147 si'snum
798 2079 949 2149 calorem
965 2080 1059 2150 idem
1078 2107 1157 2176 pau-

93 2214 191 2285 latim
207 2213 348 2292 amittit,
373 2213 440 2281 hoc
460 2212 499 2280 fit
518 2237 579 2306 per
594 2211 704 2302 legem
718 2214 740 2280 ³.
760 2213 957 2285 Fortunam
976 2228 1155 2285 mortema

94 2361 206 2418 morte
219 2346 366 2418 naturali
382 2345 495 2442 quivis
510 2370 688 2415 secernere
709 2346 809 2416 vaiet.
835 2349 1154 2419 Pbaenomenorum

93 2482 390 2557 consecutionem,
407 2478 551 2575 perinde
566 2505 604 2548 ae
625 2479 910 2574 conjunctionem
930 2483 1066 2553 etiamsi
1086 2510 1154 2552 non

92 2616 274 2694 deducere,
301 2613 360 2683 sed
388 2624 523 2682 tantum
544 2612 737 2683 describere
759 2616 884 2710 possis,
908 2628 1037 2694 tamen,
1057 2617 1154 2685 dum-

95 2749 199 2819 nrodo
219 2735 382 2817 constans
398 2747 452 2825 sit,
473 2745 546 2839 lege
559 2747 709 2843 quadarn
727 2748 798 2841 regi
808 2749 887 2845 jure
903 2751 1105 2820 contendas.

142 2883 169 2952 E
202 2882 329 2978 quibus
360 2894 501 2977 apparet
532 2908 595 2950 nos
621 2881 707 2977 jam,
744 2883 928 2953 Cournoto
958 2885 1058 2966 duce,
1085 2910 1152 2955 nen

92 3183 113 3234 la
129 3183 210 3234 raison
224 3183 390 3252 theoriqne...
408 3190 473 3234 rettr
498 3190 632 3235 constance
647 3184 678 3236 de
701 3184 808 3236 nombre
823 3192 860 3236 est
874 3187 940 3236 donc
962 3204 1028 3256 pour
1042 3205 1107 3238 nous
1121 3206 1153 3238 un

92 3271 137 3322 fait
149 3272 232 3342 piutdt
246 3274 341 3340 qu'une
357 3271 422 3322 101...
443 3271 514 3330 Mais,
531 3291 559 3323 en
573 3275 653 3343 qn'on
673 3292 704 3325 ne
725 3275 840 3343 pourrait
862 3275 1096 3326 raisonnablement
1109 3275 1153 3327 ad-

92 3368 193 3419 mettre,
211 3361 271 3410 e'est
283 3360 345 3428 qrsii
363 3362 403 3428 n'j
420 3361 454 3412 nit
471 3379 514 3431 pas
529 3362 552 3412 11
572 3381 622 3413 nne
637 3363 768 3414 condition
783 3363 942 3423 dominante,
958 3365 1092 3416 inherente
1107 3365 1152 3416 iila

91 3449 256 3499 constitution
269 3447 304 3498 du
320 3455 377 3517 type
392 3448 436 3500 des
451 3451 633 3503 mammisbres.
654 3474 666 3500 n

129 3541 152 3589 1,
175 3536 308 3589 Fotidem.
326 3535 361 3587 de
378 3554 427 3588 nos
443 3556 535 3598 couri..
553 3540 585 3597 11,
603 3560 628 3610 p.
645 3543 705 3594 201.

126 3629 151 3678 2.
175 3624 306 3678 Fotidem.
322 3623 418 3677 darios
434 3645 525 3685 corin..
544 3628 577 3686 11,
595 3648 620 3698 p.
638 3632 704 3682 185:
725 3631 790 3683 1100
806 3633 860 3683 saut
874 3650 918 3702 pas
932 3631 1074 3682 consondre
1090 3651 1104 3680 (ι
1121 3632 1154 3682 les

89 3717 253 3764 dvdnernents
267 3713 330 3764 dont
345 3715 366 3765 ia
382 3715 445 3766 sbrie
460 3723 497 3767 est
511 3716 670 3768 deterrninde
685 3738 730 3788 par
743 3720 777 3770 les
792 3721 839 3770 lois
851 3728 876 3771 et
890 3739 936 3790 par
951 3721 974 3771 la
988 3721 1153 3771 constitution

90 3821 181 3872 propre
196 3803 231 3853 dn
246 3805 362 3871 systinne,
380 3822 439 3855 arveo
458 3805 492 3855 les
506 3806 694 3874 perturbatione
715 3809 899 3869 accidentellcs,
922 3809 1074 3867 adventices,
1091 3809 1155 3860 dont

90 3892 110 3942 ta
126 3910 199 3942 cnnse
214 3899 251 3942 test
265 3911 297 3943 en
312 3892 405 3943 debers
415 3893 446 3944 de
458 3912 486 3943 ee
501 3897 618 3963 systema,
635 3915 648 3944 n

124 3984 148 4032 3.
172 3980 287 4033 Meridie
302 3980 352 4032 des
369 3980 450 4033 lddes
466 3990 493 4033 rt
508 3981 558 4033 des
577 3967 765 4045 livefrrements,
779 3986 800 4041 1.
815 4006 840 4056 p.
859 3990 883 4038 4.
