2858 5090
720 450 755 461 ..
775 423 809 474 88
829 449 861 459 .-

308 559 471 648 Quorum
505 583 597 626 unus
629 555 784 652 pristinae
813 556 959 626 civitatis
992 556 1126 626 diversa
1152 558 1330 637 instituta,

260 717 332 762 non
345 717 387 762 ex
401 691 587 786 cujuslibet
605 690 696 783 regis
719 702 779 758 aut
794 690 925 758 tribuni
940 690 1094 771 arbitrio,
1118 691 1178 760 sed
1193 717 1236 761 ex
1256 692 1344 772 his·

260 853 338 923 quae
358 825 467 894 credit
485 824 649 920 populus,
674 823 825 919 pendere
849 823 1104 904 demonstrat¹;
1126 825 1223 904 alter,
1248 853 1334 922 quae

262 972 343 1029 sunt
357 959 483 1029 nostris
503 958 664 1054 gentibus
689 957 875 1053 peculiaria
895 957 991 1027 ducit
1010 984 1028 1026 e
1047 959 1210 1028 varietate
1234 959 1338 1054 prin-

262 1093 434 1190 cipiorum
450 1093 578 1189 quibus
589 1119 650 1169 car,
669 1092 870 1161 auctoritate
885 1117 967 1160 cum
983 1092 1137 1162 libertate
1147 1093 1336 1188 aptissime

263 1227 380 1305 mixta,
397 1227 440 1295 ab
448 1226 549 1295 initio
565 1237 666 1295 rectae
684 1223 799 1302 sunt²;
818 1225 937 1294 tertius
952 1225 1104 1294 ostendit
1118 1226 1204 1322 quid
1216 1226 1339 1296 valcat

261 1361 298 1429 in
318 1360 475 1450 instituta
495 1360 647 1456 publica,
674 1359 760 1455 quid
783 1359 821 1428 in
841 1385 969 1438 morae,
995 1359 1031 1428 in
1058 1360 1181 1429 modos
1201 1361 1338 1454 agendi

261 1495 316 1564 rel
335 1493 508 1564 sentiendi
531 1493 589 1563 ille
608 1492 839 1563 ineluctabilis
863 1505 979 1588 atque,
1010 1493 1038 1562 si
1058 1493 1172 1563 dicere
1191 1495 1241 1563 las
1262 1508 1332 1575 est,

261 1627 403 1696 divinus
422 1628 575 1723 impetus
595 1653 665 1722 quo
686 1627 848 1696 homiues
868 1627 912 1695 ad
931 1627 1163 1722 aequalitatem
1183 1627 1338 1698 trahun-

262 1762 347 1830 tur³.
379 1762 474 1850 Quas
505 1760 819 1829 demonstrationes
846 1760 874 1828 si
912 1760 1081 1830 memoria
1111 1761 1333 1856 repetimus,

262 1895 356 1964 haud
371 1894 520 1963 dubium
542 1894 628 1990 quin
648 1919 813 1986 agnoscas
832 1894 976 1963 illorum
992 1895 1244 1964 historicorum
1261 1923 1339 1966 mc-

178 2077 181 2081 ·
263 2029 412 2099 thodum
434 2054 516 2096 cum
548 2054 586 2096 ca
614 2053 719 2124 quam
745 2028 892 2122 primam
919 2054 937 2096 c
963 2027 1136 2098 Cournoti
1162 2029 1337 2124 operibus

263 2161 479 2258 sumpsimus
509 2162 595 2230 miro
620 2187 830 2256 congrucrc;
849 2161 934 2231 adeo
956 2161 1111 2232 sollerter
1130 2162 1222 2231 viam
1242 2162 1336 2232 deli-

262 2295 378 2364 neavit
399 2296 523 2364 Noster
552 2320 619 2390 qua
652 2293 688 2362 in
727 2294 952 2387 sociologicas
985 2295 1145 2364 scientias
1182 2289 1339 2368 historia

262 2429 408 2498 influere
423 2427 536 2498 debet.

311 2563 415 2651 Quod
433 2574 550 2632 autem
563 2561 605 2630 ad
628 2562 746 2654 legum
767 2560 1036 2657 descriptionem
1055 2561 1189 2641 attinet,
1208 2589 1342 2633 secun-

261 2697 347 2766 dum
363 2723 448 2793 quas
464 2697 668 2766 societatum
683 2695 854 2766 clementa
869 2695 1056 2764 convivunt
1071 2722 1110 2764 ac
1125 2696 1335 2779 succedant,

261 2829 341 2899 satis
361 2841 412 2898 est
428 2831 593 2924 Spenccr,
621 2831 746 2898 Comte
767 2813 960 2924 corumque
979 2829 1169 2924 discipulos
1189 2857 1336 2914 vocare,

262 2974 300 3032 ut
321 2963 577 3058 comperiamus
605 2963 648 3031 ab
678 2961 732 3031 his
755 2962 927 3033 (lorrrnoti
947 2974 1038 3040 rota,
1069 2962 1184 3059 aliqua
1207 2965 1340 3036 saltem

261 3108 370 3192 parto,
385 3123 458 3166 esse
473 3096 618 3192 expleta.
638 3098 799 3185 Quorum
810 3095 1104 3191 philosophorum
1116 3097 1201 3166 alter
1210 3099 1341 3192 potius

261 3229 446 3324 explicavit
457 3230 584 3326 quibus
600 3229 739 3322 organis
754 3242 787 3297 ct
799 3229 994 3298 actionibus
1009 3229 1149 3298 socialia
1164 3229 1340 3302 vitalibus

262 3376 376 3434 essent
406 3363 531 3432 similia
555 3390 562 3432 ε
586 3390 654 3458 qua
680 3363 874 3433 constantia
901 3363 1106 3432 societatum
1139 3363 1334 3446 clementa,

261 3497 325 3568 etsi
338 3496 554 3592 temporibus
569 3523 608 3565 ac
623 3496 707 3566 locis
724 3496 942 3576 distantium,
960 3497 1183 3566 dissimiliora
1202 3499 1340 3572 fierent

260 3643 299 3700 ut
309 3631 422 3727 aptius
435 3631 681 3701 ordinarentur
695 3657 701 3700 :
718 3657 785 3726 qua
799 3631 951 3725 deniquo
961 3631 1162 3703 necessitate
1175 3636 1337 3704 naturali

293 3981 317 4029 1.
339 3980 379 4030 La
397 3977 592 4048 Citeantiquc.

291 4069 316 4118 2.
339 4065 463 4119 Histoire
478 4065 514 4118 dc
528 4065 556 4118 la
568 4063 737 4117 cirilt'sation
753 4084 787 4118 cu
803 4068 925 4138 Europe.

292 4159 317 4208 3.
339 4158 378 4208 Dc
394 4155 422 4208 la
439 4153 610 4208 deuiceratt'c
625 4171 660 4208 en
675 4153 834 4227 Antriquc.
