2684 4896
682 356 825 406 ..13-

222 482 428 552 eorumdem
440 495 613 553 astrorum
623 484 800 553 intervalla
809 483 1003 580 ctpondcra
1014 483 1251 578 consignanda
1265 487 1288 554 ¹.

220 615 407 685 Laroisieri
439 617 696 712 discipulorum
716 643 788 686 non
808 629 859 686 est
878 618 1049 687 deducere
1064 645 1132 714 qua
1155 619 1290 688 ratione

219 763 380 842 generata
409 750 478 819 sint
510 751 680 847 simplicia
719 751 900 845 corpora³¹
931 752 1007 820 lmo
1040 752 1187 848 physico
1220 752 1289 847 ipsi

220 881 389 951 elementa
406 909 424 951 u
451 883 652 978 accipienda
680 908 698 953 r>
728 894 821 961 sunt,
850 908 920 951 non
942 883 1156 953 deducenda.
1182 885 1289 974 Quod

221 1014 420 1084 Ccurnotus
453 1015 479 1084 si
502 1016 538 1083 in
564 1016 739 1110 prioribus
768 1015 929 1111 operibus
963 1042 1034 1084 nnn
1055 1017 1226 1096 notarit³,
1250 1018 1287 1085 in

221 1147 353 1217 ultimis
378 1148 473 1217 valde
500 1148 669 1218 affirmat*
690 1176 696 1216 :
719 1149 865 1244 physico
891 1175 1030 1244 quoque
1055 1150 1286 1219 necessariam

219 1306 291 1349 essc
316 1292 489 1350 memorat
522 1281 795 1374 cosmologicam
818 1293 1008 1350 eventuum
1030 1282 1283 1376 cognitionem,

219 1413 280 1509 qui
300 1425 359 1483 aut
374 1439 416 1484 cx
428 1413 552 1483 initiali
568 1413 820 1482 elementorum
837 1413 1077 1493 collocatione,
1101 1426 1190 1485 autc
1205 1442 1286 1510 pos-

219 1546 341 1616 teriore
388 1547 635 1642 conjunctione
667 1547 852 1642 pendeant.
889 1548 930 1615 ln
963 1574 1100 1617 summa
1128 1575 1135 1616 :
1167 1550 1285 1618 omnis

217 1681 358 1752 scientia
390 1682 418 1750 si
447 1681 552 1751 mado
590 1680 675 1776 quid
703 1680 745 1749 dc
775 1681 1017 1777 plraenomenis
1046 1683 1207 1762 affirmat,
1242 1684 1284 1753 de

215 1815 351 1885 casibus
393 1816 471 1911 plus
507 1815 668 1884 rninusrc
703 1840 803 1907 agere
842 1815 955 1884 delict.
997 1816 1024 1884 E
1060 1828 1150 1885 sorte
1186 1817 1283 1886 enim

216 1950 364 2046 pendere
384 1949 534 2018 dicimus
553 1975 784 2046 quaecumque
807 1949 973 2042 clegibus
994 1975 1065 2018 non
1087 1950 1277 2020 ducuntur.

216 2085 264 2153 Ne
280 2085 402 2164 multa,
426 2083 564 2153 llatiani
583 2109 705 2152 omnes
724 2083 851 2177 «leges
875 2109 893 2152 »
915 2083 1145 2154 adscribimus
1164 2112 1170 2152 :
1196 2085 1282 2154 For—

215 2231 310 2289 tunae
329 2219 448 2288 omnia
470 2244 488 2288 ((
510 2218 596 2287 sacta
613 2242 646 2287 ».

263 2353 376 2442 Quid!
400 2353 492 2421 Num
512 2352 619 2420 veluti
631 2352 792 2420 absoluto
807 2351 873 2420 hcc
892 2352 1093 2421 discrimine
1105 2354 1278 2423 utendum

213 2487 395 2555 estlldco
417 2497 467 2565 ut,
492 2485 553 2553 ubi
577 2485 669 2579 leges
699 2485 873 2579 simplices
895 2497 929 2554 ct
954 2498 1098 2556 aetcrnas
1127 2488 1278 2582 reperire

211 2647 283 2689 non
299 2620 411 2698 liceat,
428 2619 517 2687 nihil
536 2619 610 2713 jam
627 2614 777 2687 scientiis
797 2632 972 2689 remaneat
1000 2620 1278 2716 inquirenduml

210 2753 313 2823 Nullo
347 2753 465 2822 mado.
503 2753 578 2820 Non
613 2752 703 2821 favet
741 2751 863 2821 Noster
893 2753 1059 2822 absolutis
1088 2755 1235 2824 decretis
1267 2783 1273 2824 :

244 3103 267 3151 1.
292 3097 421 3151 Fotidem,
439 3097 475 3150 dc
490 3114 540 3149 nos
561 3116 652 3155 eona..
676 3097 710 3155 ll,
733 3116 759 3166 p.
777 3099 844 3149 195:
869 3118 882 3146 «
904 3097 939 3150 La
964 3099 1113 3170 mecanique
1134 3100 1226 3152 cdleste
1242 3121 1275 3154 ne

205 3207 270 3239 nous
284 3188 328 3238 lait
342 3187 415 3257 point
429 3187 560 3238 connaltre
573 3186 608 3236 les
622 3203 711 3236 causes
721 3186 767 3254 qui
781 3193 827 3236 ont
840 3186 917 3237 c'tabli
932 3194 1005 3238 entre
1021 3187 1057 3238 les
1071 3206 1145 3258 corps
1165 3188 1201 3240 du
1216 3209 1274 3260 sys-

206 3277 272 3326 tdmc
286 3275 317 3326 de
328 3275 374 3326 tcls
385 3281 502 3344 rapports
515 3274 546 3325 de
556 3273 681 3324 distances
694 3272 764 3323 etde
780 3291 880 3331 messes,
893 3292 943 3343 que
952 3274 1046 3326 l'crdre
1061 3295 1112 3326 une
1123 3276 1171 3327 lois
1181 3278 1271 3337 ctabli‚

205 3363 301 3414 tendait
317 3363 348 3414 de
363 3364 496 3414 lui-meme
511 3365 524 3413 a
539 3382 564 3413 sc
579 3365 722 3432 perpe'tuer.
741 3382 754 3411 n

241 3455 265 3503 2.
288 3451 505 3510 Materialisme,
519 3471 544 3520 p.
563 3454 587 3503 8.

240 3545 264 3594 3.
286 3541 419 3594 Fotidem.
437 3539 678 3604 derzoseonn.,1,
694 3560 719 3611 p.
739 3544 798 3594 193.

239 3633 263 3681 4.
286 3629 502 3686 Materialr'sme.
518 3648 543 3698 p.
562 3631 612 3682 72:
630 3630 650 3680 ll
665 3630 719 3681 saut
732 3631 800 3681 tenir
821 3638 949 3700 compte«
964 3630 1007 3681 des
1025 3631 1082 3681 faits
1094 3649 1127 3681 ou
1142 3631 1187 3682 des
1201 3635 1271 3685 acci-

202 3717 275 3768 dents
287 3718 404 3788 prcduits
418 3737 463 3788 par
482 3719 505 3768 la
519 3717 668 3787 disposition
684 3719 781 3770 initiale
793 3719 837 3770 des
854 3720 978 3771 dldments
992 3720 1026 3770 du
1042 3721 1136 3771 monde
1151 3724 1270 3775 materiel

201 3814 226 3856 et
241 3825 287 3876 par
298 3807 321 3858 le
334 3807 379 3876 jcu
395 3807 437 3858 des
453 3808 533 3858 forces
545 3807 816 3877 physico-chimiques‚
833 3827 865 3858 cn
879 3816 933 3859 tant
945 3809 1008 3878 qu'il
1023 3812 1113 3861 amene
1133 3809 1177 3862 des
1191 3812 1271 3863 series

199 3895 231 3945 de
246 3896 303 3946 lails
317 3915 350 3947 cu
364 3896 563 3953 d'erc'ncments‚
579 3903 651 3947 entre
675 3896 807 3965 lesquelles
827 3897 932 3948 n'existe
947 3916 1030 3949 aucun
1050 3899 1102 3950 lien
1117 3899 1149 3950 dc
1173 3900 1268 3953 solida-

200 3985 256 4034 rile'.
281 4005 294 4033 n
