2684 4896
607 345 639 355 -
661 315 693 367 48
714 346 746 354 -

141 448 215 544 ipse
234 448 411 544 professus
432 449 514 519 cst¹.
529 462 631 545 atquc
648 448 694 517 ita
708 448 923 543 praemonuit
936 475 980 518 nc
1000 448 1172 520 societatum

142 594 350 651 structuram
380 594 452 652 tam
478 583 616 650 firmam
644 593 748 677 atque
776 595 815 652 ut
834 583 880 652 ita
908 581 1025 652 dicam
1056 583 1173 677 rigidam

140 716 352 811 fingeremus
367 743 474 813 quam
490 742 692 811 corporum.
712 716 800 785 Item
811 742 882 786 non
898 716 927 786 is
939 728 992 787 est
1004 717 1173 787 Cournotus

139 848 285 944 quires
310 848 438 944 quibus
461 847 650 917 consociati
670 847 832 918 homines
854 860 1013 928 utuntur,
1043 847 1174 917 vitalibus

140 983 256 1052 nescio
294 983 422 1080 quibus
460 982 634 1052 attributis
667 981 825 1062 adornet,
866 1009 930 1052 ncc
969 982 1040 1060 fila,
1076 981 1175 1078 quibus

138 1116 292 1185 humana
328 1117 430 1185 rerba
463 1117 567 1210 longe
598 1115 713 1186 statim
751 1117 1048 1194 transmittuntur,
1088 1114 1176 1184 nervis

139 1250 351 1346 acquipnrct:
377 1251 462 1328 imo,
488 1277 506 1321 a
528 1252 651 1321 urbem
670 1277 702 1322 u.
727 1252 829 1320 rebus
859 1251 1100 1346 compositam,
1126 1274 1176 1317 non
1218 1272 1220 1277 ·

138 1411 236 1479 aque
258 1385 374 1454 rivere
402 1399 603 1455 commonet
627 1413 665 1454 ac
693 1411 710 1455 a
735 1385 908 1454 civitatem
936 1409 968 1461 u,
1001 1382 1178 1453 hominibus
1217 1432 1220 1481 2

138 1519 402 1613 compositam²,
438 1545 501 1588 nce
522 1519 630 1588 scmel
645 1519 889 1588 animadvertit
908 1544 947 1586 ca
971 1544 1050 1613 quac.
1071 1542 1089 1588 a
1108 1512 1178 1584 uitali
1218 1584 1220 1589 .

139 1651 311 1746 principio
329 1677 347 1722 u
362 1652 588 1747 proferuntur
598 1653 641 1720 ab
656 1651 698 1721 iis
714 1679 792 1748 quan
810 1676 828 1721 a
839 1651 941 1720 uitale
957 1649 1177 1746 principium»
1218 1712 1220 1717 .

137 1783 172 1850 in
191 1810 226 1852 se
247 1784 439 1863 continent,
464 1784 647 1876 diligenter
661 1810 734 1853 esse
750 1782 991 1853 secernenda³.

187 1917 292 2005 Quod
319 1916 532 2012 principium
561 1943 604 1986 ne
634 1917 751 1986 credas
772 1943 790 1986 a
810 1917 935 1986 Nostro
954 1915 992 1984 in
1013 1911 1180 1984 substantia

137 2047 288 2143 quadam
305 2049 426 2144 seponi
446 2076 451 2116 :
471 2049 531 2143 qui
544 2048 752 2118 substantias
765 2074 1017 2145 usquequaque
1030 2056 1180 2142 suspectas

136 2180 271 2261 habuit,
290 2209 345 2251 eas
364 2182 398 2250 in
419 2182 623 2252 societatum
637 2163 1062 2276 seientiamredintcgrare
1078 2177 1177 2249 nolit&

137 2314 358 2411 Quapropter
368 2316 409 2384 de
421 2342 459 2385 ea
468 2342 573 2411 quam
584 2316 746 2385 socialem
755 2315 930 2411 appellant
938 2312 1178 2385 conscientiam.

136 2448 177 2517 ab
191 2449 380 2517 hominum
397 2449 616 2543 singulorum
638 2449 862 2518 conscientiis
878 2449 977 2545 quasi
998 2459 1179 2544 separatam,

138 2607 209 2648 uon
221 2580 357 2650 loeutus
375 2594 424 2650 est
441 2583 656 2651 (tournotus.
678 2583 763 2660 imo,
781 2581 923 2675 agnovit
938 2581 1115 2650 societates
1128 2600 1181 2646 nou

137 2741 198 2810 per
221 2741 255 2783 se
290 2716 429 2795 sentire,
460 2716 520 2784 sed
548 2742 616 2795 cas,
640 2716 768 2812 quibus
800 2715 1035 2785 informentur
1066 2708 1179 2810 populi

137 2848 297 2917 notiones
326 2863 381 2918 aut
416 2849 450 2917 in
483 2876 694 2942 magnorum
724 2849 880 2918 uirorum
907 2849 1050 2942 ingcnio
1083 2857 1136 2916 aut
1156 2843 1182 2910 iu

136 2965 282 3077 publicis
312 2982 480 3051 institutis
505 2983 672 3052 habitare.
702 2979 855 3078 Populo,
888 2983 924 3051 in
945 3008 980 3051 se
1004 2979 1179 3076 complexo,

135 3117 315 3184 cerebrum
342 3116 488 3185 unicum
511 3117 606 3186 deest
616 3118 625 3148 ²³
650 3118 905 3213 :quamobrem
925 3116 966 3196 si,
988 3114 1181 3212 populorum

173 3340 196 3389 1.
220 3336 436 3395 Mntcrt'alisme,
455 3357 478 3406 p.
496 3340 555 3389 191.

171 3429 194 3476 2.
220 3424 290 3477 laid.
307 3446 320 3474 u
343 3425 478 3476 L'histoirc
491 3427 569 3477 d’urre
585 3428 651 3481 ville.
669 3445 701 3476 cu
719 3433 773 3477 tant
787 3445 839 3495 que
855 3426 923 3486 rilie,
945 3425 1035 3476 differo
1050 3423 1082 3475 dc-
1096 3417 1182 3474 cenete

135 3512 158 3564 la
174 3514 230 3563 cite.
249 3534 263 3561 n

170 3605 194 3652 3.
217 3601 302 3657 leid..
321 3622 344 3672 p.
363 3605 423 3655 ¹198.
443 3625 455 3653 u
472 3603 491 3654 H
507 3605 562 3654 suut
576 3603 720 3671 distinguer
735 3611 806 3654 entre
822 3623 849 3671 cc
866 3605 912 3673 qui
927 3604 963 3654 vit
983 3610 1008 3655 ct
1025 3620 1054 3654 ce
1068 3601 1113 3672 qui
1127 3594 1184 3650 eale

135 3690 241 3759 produit
255 3691 286 3741 dc
299 3691 321 3741 la
337 3692 386 3742 ric.
410 3713 422 3739 u

171 3782 194 3830 4.
218 3780 434 3839 Jlotcru'elismc,
451 3800 476 3850 p.
494 3785 553 3833 106,
569 3812 605 3820 -
622 3781 705 3833 Erech.
716 3782 767 3834 des
782 3781 873 3839 Idc'es,
891 3782 909 3839 Ι,
928 3801 952 3851 p.
970 3783 1030 3834 480.
1042 3809 1075 3820 -
1088 3771 1184 3830 Marcie

135 3867 186 3919 dcs
204 3867 284 3920 Ide‘cs
298 3877 325 3921 et
341 3869 390 3920 des
406 3854 462 3926 E'c
481 3870 513 3927 II,
529 3890 554 3940 p.
575 3873 634 3922 198.

171 3960 194 4010 ἰ).
220 3957 302 4008 linet.
320 3957 371 4009 des
391 3958 477 4015 ldccs,
498 3960 516 4011 1.
535 3981 548 4007 a
571 3958 597 4010 Si
618 3960 641 4010 la
662 3960 699 4009 ric
714 3979 739 4010 se
756 3960 799 4010 t'ait
820 3960 898 4011 sentir
919 3959 982 4010 dans
999 3977 1033 4009 un
1057 3954 1153 4028 produit
1163 3950 1186 4002 dt
