2858 5090
737 407 878 458 ..ὀμ

278 565 399 610 eorum
419 565 497 636 qum
517 517 558 607 eri
577 537 710 608 lentitia
730 537 946 634 liquidorum
970 536 1124 632 pendent
1143 561 1213 606 non
1240 537 1350 606 habet
1418 633 1419 638 γ

277 671 1111 770 ratione1n‚utlegesillustretquibusregatur‚in
1122 671 1346 750 universum,
1418 667 1419 670 ¹

278 807 494 904 liquidorum
511 805 762 903 aequilibrium¹
776 805 895 893 tQuin
911 803 1028 900 igitur,
1047 805 1189 874 mutatis
1204 817 1349 874 mutan-

278 940 344 1020 dis,
367 939 414 1008 ita
438 965 490 1009 res
510 951 631 1031 gerant
656 939 681 1006 ii
701 938 828 1035 quibus
853 937 942 1006 nihil
965 937 1142 1034 antiquius
1162 950 1213 1007 est
1237 965 1350 1034 quam

280 1073 439 1144 scientias
455 1072 678 1165 sociologicas
699 1071 936 1142 constitueret

328 1207 476 1296 Quodsi
492 1207 638 1302 probare
650 1231 838 1300 possumus
848 1206 1070 1274 Cournotum
1085 1204 1214 1300 ipsum,
1229 1205 1349 1302 aliqua

280 1341 399 1411 saltem
420 1354 587 1436 exparte,
608 1340 672 1410 hac
692 1351 763 1409 arte
778 1340 852 1435 jam
873 1365 977 1408 usum
998 1365 1082 1418 esse,
1107 1352 1189 1408 tunc
1205 1340 1351 1409 conclu-

281 1475 360 1544 dere
385 1474 487 1543 nobis
510 1474 627 1544 licebit
654 1474 812 1544 eamdem
843 1473 1060 1567 sociologicis
1083 1473 1236 1543 scientiis
1253 1473 1351 1543 haud

284 1634 427 1704 parvam
446 1608 630 1677 utilitatem
655 1634 728 1678 csse
746 1607 953 1687 adlaturam,
979 1621 1018 1678 ut
1037 1633 1078 1676 ex
1097 1607 1349 1677 historicorum
1420 1641 1421 1678 t

281 1754 485 1811 eventorum
506 1755 592 1812 aestu
611 1742 702 1836 leges
716 1741 884 1837 quasdam
901 1741 1105 1812 scientificus
1121 1741 1188 1810 illas
1201 1741 1348 1811 demum

283 1889 479 1972 excerpant.

807 2123 821 2155 l

777 2187 793 2218 ἓ
837 2187 851 2218 ἢ

330 2389 417 2478 Quen
433 2388 590 2458 derebus
607 2388 829 2458 aeconomicis
846 2389 1029 2484 separatim
1045 2389 1230 2485 exploratis
1245 2390 1350 2486 scrip-

250 2553 252 2558 ’
283 2523 326 2592 sit
341 2522 541 2592 Cournotus
561 2548 598 2592 ea
619 2522 805 2592 verisimile
825 2534 876 2592 cst
894 2521 985 2592 inter
1005 2523 1123 2592 omnia
1143 2525 1218 2620 ejus
1244 2551 1349 2620 opera
1422 2534 1423 2626 t

281 2657 427 2726 minime
450 2683 544 2725 nunc
564 2683 636 2726 csse
656 2656 803 2750 ignota³.
828 2657 946 2753 Neque
965 2657 1080 2727 hercle
1102 2657 1249 2752 indigna
1265 2672 1347 2728 sunt
1422 2641 1423 2686 l

282 2817 360 2888 quae
379 2817 473 2860 nunc
495 2791 598 2860 etiam
619 2791 661 2860 al)
676 2817 890 2888 unoquoque
909 2817 1026 2862 rerum
1053 2793 1348 2862 aeconomicarum

281 2924 393 3020 perito
427 2924 619 2994 accuratius
644 2924 882 3020 explanentur.
918 2926 1049 2994 Eorum
1082 2953 1165 2996 vero
1194 2953 1283 3022 quae
1307 2927 1349 2996 arl

282 3058 500 3156 propositum
535 3071 695 3128 nostrum
725 3071 890 3154 spectant,
923 3059 997 3130 lraec
1034 3071 1170 3130 tantum
1202 3061 1349 3130 retinere

282 3192 451 3262 habemus
467 3192 503 3261 in
524 3192 642 3261 animo
662 3219 667 3262 :
687 3205 737 3272 ut,
757 3193 980 3262 aecrmomicis
997 3193 1171 3264 Cournoti
1193 3193 1348 3264 thesibus

319 3428 343 3476 1.
365 3422 498 3476 Fondem.
520 3422 555 3476 de
572 3443 622 3476 nos
638 3440 728 3483 conia,
746 3425 766 3484 Ι,
783 3445 808 3494 p.
826 3428 886 3478 321.

318 3516 343 3564 2.
366 3512 426 3564 Post
448 3513 555 3582 longum
577 3521 677 3582 tempus
697 3513 816 3566 videntur
837 3515 990 3566 aconomica
1013 3533 1090 3584 opera
1111 3513 1240 3568 Cournoti
1261 3514 1350 3584 sepius

284 3602 360 3652 luisse
373 3609 484 3652 versata:
501 3620 612 3671 quorum
628 3621 711 3652 unum
724 3604 750 3653 in
770 3603 970 3661 Germanorum.
989 3612 1075 3674 postea
1089 3605 1115 3656 in
1135 3604 1349 3656 Americanorum

284 3691 399 3759 linguam
407 3692 557 3742 translatum
566 3699 611 3744 est.
627 3691 718 3756 Quide
733 3693 810 3744 rebus
822 3694 982 3744 oeeonomieis
994 3712 1065 3744 moro
1082 3693 1262 3746 mathematico
1276 3710 1350 3761 agere

198 3784 201 3791 '
284 3787 410 3830 conantur
431 3779 558 3831 Cournoti
582 3782 760 3832 auctoritatem
790 3789 923 3835 testantur.
946 3783 988 3836 Cl.
1013 3782 1142 3843 Wmnrm,
1168 3784 1194 3834 in
1223 3786 1348 3854 Corrrptes

285 3867 390 3920 raudus·
407 3867 442 3920 de
458 3869 568 3922 lile-od.
581 3870 631 3922 des
647 3871 769 3922 sciences
784 3872 916 3928 morulis.
933 3875 993 3924 notu
1006 3875 1083 3925 1873.
1101 3903 1135 3911 -
1149 3872 1306 3927 Massurii,
1319 3869 1347 3920 in

284 3957 442 4030 Principlcs
456 3960 670 4025 ofEconomics.
689 3959 709 4020 Ι,
728 3961 793 4030 pres.
807 3991 842 3998 --
856 3960 947 4021 Larus,
965 3963 992 4014 in
1015 3959 1275 4014 Hnndwttrtrrburlr
1297 3957 1349 4010 der·

287 4047 627 4116 Stoatswissenselms'trn.
646 4048 678 4103 ll,
695 4049 752 4100 Art.
770 4048 895 4102 Cournot.
1326 4029 1329 4040 .
