2684 4896
599 351 741 400 „ffl-

155 484 181 551 in
200 482 361 552 omnibus
382 481 485 550 rebus
512 482 724 577 exploratam
749 483 881 555 lrabct¹.
910 500 1104 580 praernonet
1136 514 1200 557 nos

102 684 107 692 ,
154 617 336 686 Coumotus
357 627 408 692 ut,
432 615 533 684 sicuti
566 642 585 683 a
607 616 768 711 juridicis
793 618 908 687 rebus.
937 619 982 688 ita
1006 645 1025 688 a
1049 621 1199 714 politicis

93 826 95 833 ,
153 779 194 820 res
217 751 355 846 proprie
380 750 611 820 aeoonomicas
639 751 759 821 sedulo
783 778 1015 821 secernamus,
1047 754 1196 827 Etenim.

150 886 229 981 quod
253 885 410 981 primum
437 897 499 954 est.
529 885 593 953 etsi
627 885 778 963 natione.
811 886 865 955 vel
889 888 1009 981 patria,
1039 889 1094 957 rel
1116 889 1199 958 ciri-

149 1032 202 1088 tate
215 1019 440 1116 potissimum
456 1018 617 1088 homines
633 1020 893 1091 consociantur.
916 1021 1097 1091 dissimilia
1117 1037 1199 1094 sunt

145 1154 336 1223 societatum
367 1152 518 1221 vincula.
546 1180 699 1248 quorum
730 1153 795 1222 alia
828 1179 846 1222 e
875 1153 1004 1249 linguae
1037 1155 1092 1225 rel
1120 1156 1199 1226 reli-

142 1288 258 1380 gionis.
275 1288 344 1355 alia
356 1313 399 1357 ex
415 1287 570 1356 utilitatis
582 1290 832 1357 communione
847 1289 1067 1357 trahuntur‘:
1085 1291 1130 1359 ita
1146 1303 1195 1361 ut..

138 1421 220 1489 dum
240 1433 359 1490 notare
380 1421 543 1489 volumus
563 1422 647 1517 quid
668 1423 870 1492 societatum
891 1423 1001 1491 forma
1015 1423 1058 1491 ad
1073 1450 1200 1517 augen-

138 1554 198 1622 das
232 1556 285 1624 rel
322 1555 531 1624 minuendas
574 1555 709 1623 divitias
747 1555 912 1625 conserat.
948 1555 1122 1625 immerito
1156 1558 1198 1627 de

137 1689 334 1758 nationibus
361 1701 495 1758 tantum
517 1688 665 1783 agimus.
686 1689 833 1759 Deinde.
861 1703 1048 1785 antequam
1076 1689 1197 1759 talium

136 1823 425 1893 intercessionum
457 1824 599 1892 effectus
627 1822 768 1891 notandi
789 1835 881 1893 sunt.
904 1824 1140 1894 constantiore
1164 1835 1198 1894 ct

135 1955 343 2025 universalia
376 1967 458 2024 sunt
488 1955 725 2050 praefinienda.
758 1955 829 2044 Qui
863 1955 1026 2024 nationali
1060 1968 1197 2026 tantum

136 2090 337 2159 aeconomia?
357 2088 495 2158 studere
516 2100 673 2167 conatur.
692 2089 721 2157 is
744 2116 815 2157 non
835 2089 939 2158 modo
959 2115 1080 2159 corum
1107 2114 1126 2159 r<
1145 2089 1197 2158 in-

138 2223 416 2293 tornationalium
434 2247 452 2290 n
474 2222 790 2317 plramomenorum
809 2222 937 2292 oblitus
953 2248 1027 2292 esse
1045 2222 1193 2300 videtur,

135 2354 284 2444 quorum
305 2357 357 2425 ris
377 2368 410 2425 et
429 2356 611 2425 efficientia
626 2382 696 2425 non
716 2368 828 2451 potest
843 2383 914 2426 non
934 2358 1116 2427 cresccrc³.
1138 2358 1197 2427 scd

137 2487 242 2575 prius,
262 2491 290 2559 si
306 2489 420 2560 dicore
441 2490 490 2558 las
510 2503 561 2558 cst
583 2516 602 2559 <t
621 2489 971 2586 supranationalium⁸
989 2516 1006 2560 n
1027 2517 1034 2559 :
1060 2517 1099 2560 ea
1114 2491 1197 2560 dici-

139 2640 214 2691 mus
251 2651 343 2720 qua,
385 2621 598 2719 ubicumque
630 2636 662 2693 et
692 2650 915 2721 quocumque
951 2625 1016 2692 sub
1048 2625 1196 2720 imperio

139 2744 293 2825 homines
304 2756 504 2850 congregati
518 2769 610 2826 sunt.
622 2757 847 2826 cdivitiarum
858 2756 1048 2826 mutatione
1060 2769 1093 2826 et
1102 2782 1196 2826 com-

142 2891 297 2959 munium
313 2891 505 2985 pretiorum
526 2891 772 2960 constitutione
792 2891 973 2961 exsistunt.
986 2890 1077 2960 lllud
1091 2890 1197 2984 igitur

174 3111 196 3159 1.
216 3114 307 3165 Revera
322 3113 482 3168 sornmoire.
501 3131 526 3181 p.
545 3113 673 3170 TIS-22&
691 3111 716 3161 in
732 3111 826 3180 quibus
840 3111 883 3162 cit.
901 3111 974 3162 Lrsr.

174 3199 196 3248 2.
217 3193 364 3273 Principes
379 3199 414 3252 de
431 3200 459 3252 la
475 3199 522 3251 Tt.
535 3199 586 3252 des
597 3200 688 3258 Hieta,
706 3220 730 3270 p.
747 3202 790 3252 26.
804 3221 817 3250 a
834 3200 868 3252 La
883 3202 1066 3252 commonente
1075 3200 1120 3252 des
1134 3201 1197 3252 intc'·

142 3282 186 3336 tlts
198 3291 376 3360 economiques
395 3289 455 3341 tend
476 3297 637 3341 notammcnt
658 3292 671 3340 la
691 3291 788 3341 former
811 3289 855 3341 des
874 3290 1077 3342 consideratiore
1101 3292 1196 3342 econo-

142 3373 231 3446 ffliques
245 3387 319 3431 entre
333 3379 376 3430 des
389 3379 550 3448 populations
564 3398 614 3448 que
629 3379 650 3430 la
665 3379 788 3449 polilique
802 3379 959 3430 desunissait.
978 3400 991 3429 n

171 3467 195 3517 3.
216 3468 300 3527 laid..
318 3469 361 3519 liv.
379 3468 424 3524 lV.
442 3468 482 3519 clr.
499 3472 523 3520 6,
539 3468 590 3519 Dos
606 3468 740 3520 tendanccs
755 3469 940 3539 cosmopolites.

172 3555 195 3606 l.
215 3556 301 3615 [tid.
320 3560 363 3609 27.
379 3577 392 3605 a
409 3557 515 3626 Chaquo
525 3557 642 3627 peuplca
657 3576 695 3608 ses
707 3565 839 3608 coutumes
853 3565 878 3608 ot
890 3576 935 3609 son
945 3558 1014 3610 droit
1026 3559 1147 3615 national,
1163 3578 1195 3610 en

140 3640 216 3698 11¹&mo
229 3655 311 3716 temps
325 3647 388 3714 qu'il
403 3646 473 3697 obe'it
487 3649 500 3696 a
515 3647 559 3697 des
575 3647 655 3714 regles
672 3646 816 3716 juridiqucs
830 3648 907 3698 d'unc
922 3646 1074 3717 opplication
1090 3648 1194 3698 unirer-

138 3726 225 3788 50ῙΙΕ...
242 3736 281 3787 De
303 3737 387 3786 meme
401 3754 467 3805 pour
483 3737 504 3786 la
522 3736 618 3787 scieuce
633 3736 663 3786 dc
679 3736 828 3787 l'dconomio
845 3736 944 3792 sociale.
968 3736 1012 3805 qui
1027 3736 1195 3806 comprendra

136 3810 176 3868 ‘les
192 3824 315 3895 chapitrcs
330 3824 407 3875 d'une
422 3825 574 3894 application
587 3825 714 3893 generale.
727 3832 752 3875 ot
767 3824 877 3876 d'autrcs
887 3825 1085 3877 crclusivcmcnt
1097 3843 1129 3876 ou
1141 3825 1196 3894 plus

134 3909 312 3968 specialement
331 3914 484 3984 applicablos
503 3933 551 3964 anx
576 3914 680 3984 periples
703 3914 733 3965 de
756 3915 788 3967 tcl
810 3917 1004 3988 temporamcnt
1029 3915 1111 3987 places
1134 3914 1196 3968 dans

133 3991 206 4052 telles
215 4003 356 4056 conditions
368 4003 546 4058 determinas.
570 4025 582 4055 n
