2858 5090
1420 407 1421 464 l

805 553 838 560 -
859 519 892 575 st
911 551 945 562 -

390 659 467 728 Non
505 658 616 728 obstat
647 670 763 726 tamon
796 655 865 724 hoo
902 655 1067 724 Fortunae
1100 653 1286 752 imperium
1314 657 1383 752 quin

341 794 461 863 eadem
492 790 716 888 philosophia
754 789 893 860 [lationi
931 789 989 858 det
1021 791 1150 860 locum
1187 793 1293 886 Leges
1322 818 1385 860 tere

342 953 361 997 <t
388 926 572 996 lationales
612 951 646 1002 ))
689 923 865 1020 quibus
857 950 893 991 in
942 922 1158 1004 unive1·‚sum
1194 925 1386 1021 ubicumque

340 1071 538 1157 appareant,
551 1058 868 1154 phaenornenorum
879 1057 1105 1152 proprietates
1115 1084 1233 1154 parere
1244 1058 1421 1190 debean

339 1193 498 1288 perlectae
513 1191 696 1288 cujusdam
712 1190 864 1260 scientiar
879 1202 930 1260 est
949 1191 1143 1286 concipere
1168 1192 1256 1280 Quae
1271 1125 1421 1262 etiamsil

340 1351 403 1396 nos
416 1327 612 1419 effugerint
632 1336 735 1395 restat
759 1337 797 1393 ut
816 1324 976 1394 ordinem
994 1336 1211 1394 constantem
1233 1325 1388 1396 describa-

340 1487 431 1540 mus,
455 1459 650 1529 secundum
676 1485 782 1554 quem
813 1458 1037 1528 existentium
1064 1459 1227 1528 attributa
1259 1461 1389 1554 conjun-

339 1606 466 1687 gantur
485 1606 544 1662 aut
565 1604 679 1662 states
699 1603 900 1688 sequantur,
920 1604 953 1660 et
975 1592 1022 1660 ita
1043 1619 1061 1663 ((
1077 1593 1260 1688 empiricas
1277 1619 1294 1663 t)
1317 1594 1388 1661 inlc-

339 1753 457 1796 ramus
471 1727 576 1822 leges.
599 1727 688 1806 lmo‚
711 1725 765 1795 his
781 1726 916 1820 legibus
928 1725 1030 1795 etiam
1045 1727 1322 1806 deficientibus
1314 1741 1389 1796 inter

340 1873 461 1930 eventa
492 1861 564 1956 ipsa
590 1860 861 1930 discernendum
891 1871 953 1940 est,
984 1873 1021 1931 ut
1042 1861 1084 1930 ab
1106 1861 1180 1930 istis
1208 1861 1389 1930 minoribus

342 2019 361 2064 <t
383 1994 514 2090 majora
531 2020 564 2074 n,
588 1993 776 2074 stabiliora,
794 1993 960 2090 primaria
985 1993 1185 2088 seligantur.
1210 1995 1273 2063 His
1293 1995 1389 2063 tribus

338 2127 530 2222 imparibus
555 2126 668 2196 modis
696 2127 931 2219 cognoscendi
952 2127 1038 2196 dum
1063 2139 1211 2197 utuntur
1236 2127 1387 2202 scicntia,

338 2288 415 2357 quae
426 2260 468 2330 de
481 2287 598 2330 rerum
610 2272 732 2330 natura
747 2273 867 2354 agunt,
884 2260 1028 2358 aliquid,
1046 2261 1202 2330 Rationis
1217 2261 1387 2338 beneficio

338 2395 501 2463 Fortunae
523 2405 668 2489 possunt
688 2393 892 2463 subducere.

386 2528 482 2617 Quid
519 2554 600 2597 vero
634 2528 675 2597 de
713 2527 755 2596 iis
794 2527 946 2597 scientiis
984 2555 1063 2624 quae
1096 2529 1138 2599 de
1181 2530 1391 2600 societatibus

337 2663 470 2756 agunt.l
494 2661 534 2729 ln
562 2661 767 2731 societatum
800 2661 945 2732 historia
985 2662 1210 2757 potissimum
1243 2663 1391 2733 fortuitos

337 2821 436 2864 casus
461 2795 578 2887 magni
605 2795 775 2864 momenti
796 2794 998 2865 Cournotus
1025 2821 1097 2866 esse
1118 2795 1281 2867 declarat.
1301 2794 1393 2865 Haud

338 2943 451 3000 tamen
477 2929 611 2998 dubitat
634 2929 719 3025 quin
744 2955 785 2998 ex
811 2954 850 2998 ea
876 2929 1010 3024 aliquid
1038 2929 1176 3000 Rationi
1199 2931 1243 3000 sit
1272 2943 1394 3000 contra-

387 3196 437 3264 Ac
451 3195 608 3291 primum
628 3194 784 3292 quidem,
803 3195 938 3266 etiamsi
961 3196 1002 3266 de
1018 3198 1148 3268 eventis
1172 3211 1309 3270 tantum
1330 3198 1396 3266 sine

338 3329 581 3398 ulladoctrina
608 3328 816 3409 tractaveris,
843 3329 1003 3426 quaedarn
1023 3330 1085 3400 tibi
1117 3332 1294 3425 seligenda
1323 3341 1398 3402 sunt

339 3462 540 3542 eminentia,
569 3462 736 3558 equibus
769 3475 891 3533 caetera
923 3464 1074 3560 pendere
1101 3465 1297 3537 videantur.
1331 3465 1394 3539 Sic

1420 1267 1421 1338 l

338 3062 507 3132 bendum.

339 3597 498 3693 quamvis
518 3596 554 3664 in
579 3595 737 3691 gentium
762 3596 949 3666 decursum
972 3599 1112 3669 libertas
1134 3599 1302 3680 humana,
1331 3623 1400 3667 ma-

308 3715 311 3720 ’
339 3755 491 3824 gnorum
510 3729 667 3800 virorum
687 3729 852 3800 inauditae
872 3731 1082 3813 voluntates
1106 3759 1225 3804 rerum
1247 3735 1398 3831 ipsarum

338 3865 580 3960 inexspectata
607 3863 872 3960 conjunctiones
902 3865 997 3935 haud
1015 3891 1140 3962 parum
1164 3869 1313 3948 valeant,
1340 3866 1398 3934 ssu-

339 3997 434 4066 mina
478 3997 670 4067 constantia
702 3997 873 4068 delineare
908 3999 999 4078 licet,
1037 4027 1189 4096 quorum
1229 4003 1397 4098 impeturn

339 4131 515 4202 societates
529 4131 668 4201 difficile
685 4131 855 4202 declinare
871 4145 1010 4230 queant.
