2684 4896
598 332 738 382 ..26-

136 466 335 541 obliterare;
366 491 450 544 non,
473 475 512 532 ut
536 464 690 544 seientia,
718 463 760 533 de
785 464 1019 558 singularibus
1041 493 1079 535 ae
1099 493 1201 561 pecu-

136 599 278 669 liaribus
301 599 403 668 rebus
430 609 591 667 nostrum
618 598 833 666 intellectum
863 599 1060 668 abstrahere
1088 612 1201 694 potest

135 733 324 802 historia¹:
348 732 477 828 quippe
501 731 601 826 eujus
621 731 765 801 materia
788 732 904 826 potius
932 734 1073 802 erebus
1095 760 1200 828 pecu-

135 866 278 936 liaribus
298 878 331 935 et
351 864 584 959 singularibus
605 877 750 934 constet.

185 999 279 1088 Quid
294 999 399 1093 igitur
410 1009 512 1068 restat
525 998 750 1067 historiarum
763 999 921 1095 scriptori
935 999 1002 1068 nisi
1016 1012 1197 1077 uterenta,

136 1134 224 1203 sieut
239 1144 441 1210 evenerunt,
458 1131 531 1200 sine
544 1131 617 1201 ullo
633 1158 736 1211 nexu,
751 1132 932 1226 consignet
945 1159 983 1202 ae
999 1136 1202 1203 enumerat

135 1266 286 1334 Annales
305 1265 475 1334 conficere
491 1264 921 1359 omnistenorisexpertes,
940 1265 1005 1335 hoe
1017 1279 1068 1334 est
1079 1266 1197 1360 igitur.

136 1399 306 1468 Cournoti
323 1397 503 1476 sententia,
519 1396 726 1466 historicum
742 1399 898 1466 officium
913 1411 946 1468 et
961 1400 1111 1466 munus!

185 1530 342 1599 Minime.
359 1529 511 1599 Annales
527 1529 594 1598 isto
608 1529 713 1598 modo
728 1530 904 1599 eonleetos
917 1530 1081 1622 indignos
1097 1531 1202 1600 habet

137 1665 260 1734 Noster
275 1664 401 1760 quibus
417 1689 550 1733 nomen
566 1689 637 1732 non
658 1664 811 1734 scientiae
830 1664 957 1743 hercle,
977 1676 1009 1733 at
1025 1677 1116 1734 eerte
1130 1664 1200 1733 his-

137 1799 232 1869 toriae
247 1798 465 1867 attribuatur.
480 1798 609 1867 Rerum
620 1798 723 1893 plane
739 1799 1025 1894 interruptarum,
1043 1842 1088 1850 -
1099 1799 1200 1867 sicuti

138 1946 343 2002 tesserarum
358 1932 531 2027 jactuum,
553 1975 599 1984 -
626 1958 696 2000 non
723 1944 774 2000 est
803 1932 959 2001 historia.
988 1932 1055 2001 Cui
1080 1931 1200 2026 potius

137 2065 372 2161 sejunctarum
401 2079 434 2134 et
453 2091 691 2135 connexarum
712 2092 829 2134 rerum
850 2065 1011 2160 quaedam
1032 2065 1197 2143 mixtura,

136 2242 182 2251 —
198 2199 304 2268 veluti
319 2199 355 2266 in
383 2199 661 2268 latrunculorum
675 2198 772 2278 ludo,
792 2243 838 2250 —
862 2198 1039 2294 propriam
1062 2211 1202 2293 praestat

137 2333 316 2402 materiam
331 2333 352 2400 ².
377 2331 482 2421 Quod
501 2333 530 2401 si
554 2359 648 2402 mera
669 2333 843 2411 deductio,
871 2359 938 2428 qua
958 2332 1121 2401 notiones
1144 2359 1203 2402 ne-

137 2466 296 2546 cessario,
327 2479 360 2535 et
383 2466 456 2535 sine
481 2466 552 2536 ulla
584 2466 888 2562 praetermissione,
912 2477 1199 2540 concatenentur,

136 2600 317 2670 historiam
338 2600 482 2679 excedit,
511 2626 583 2668 non
603 2626 621 2668 e
642 2625 736 2669 mera
764 2613 878 2669 tamon
900 2599 1111 2677 narratione,
1136 2625 1204 2695 qua

136 2734 223 2805 saeta
269 2747 407 2813 temere,
448 2747 481 2804 et
517 2734 591 2802 sine
624 2733 696 2803 ullo
736 2733 870 2812 ordine,
916 2746 1199 2830 percenseantur,

137 2880 271 2940 constat
302 2867 480 2937 historia³.
514 2867 678 2938 llistoriei
707 2879 757 2937 est
785 2879 907 2937 eventa
935 2869 1009 2963 ipsa
1044 2868 1203 2962 quodam

172 3181 195 3229 l.
222 3177 305 3229 Eorle.
320 3177 371 3230 des
383 3177 473 3233 [dees.
486 3197 509 3246 p.
525 3181 585 3229 322,
605 3197 618 3226 a
639 3177 856 3233 L’indivhlualite,
873 3178 896 3228 le
909 3177 953 3227 suit
969 3177 1126 3246 particulier‚
1145 3197 1205 3229 arec

136 3287 162 3319 ce
177 3267 239 3337 qu'il
251 3267 306 3318 ade
322 3267 517 3336 privatirement
527 3267 778 3336 caracteristiqueest
792 3267 849 3335 (lei)
863 3284 890 3316 ce
905 3266 949 3334 qni
964 3267 1011 3316 lire
1029 3273 1054 3316 et
1068 3266 1124 3317 doit
1141 3268 1205 3318 hxer

136 3356 353 3407 notreattention.
368 3355 441 3405 Dono
455 3374 518 3405 nous
533 3374 564 3406 ne
580 3373 690 3406 sommes
705 3355 760 3424 plus
775 3355 837 3405 dans
852 3355 887 3405 les
901 3355 1046 3405 eonditiens
1060 3355 1205 3406 ordinaire<

135 3444 166 3496 de
185 3445 208 3496 la
223 3445 328 3502 seienee,
345 3444 390 3513 qui
407 3463 439 3494 en
454 3444 557 3512 general
576 3444 621 3495 fait
634 3453 659 3495 et
673 3444 727 3495 doit
741 3445 803 3495 faire
818 3444 970 3495 abstractien
986 3444 1030 3494 des
1050 3444 1184 3495 individus
1197 3467 1216 3517 ;¹

134 3533 200 3585 (lonc
214 3552 278 3584 nous
293 3552 356 3584 nous
372 3541 492 3584 trourons
504 3552 536 3584 en
551 3533 634 3604 pleino
650 3534 764 3592 histoire,
780 3552 811 3584 en
832 3534 884 3584 lace
899 3533 930 3584 de
951 3541 1032 3584 tontes
1055 3533 1091 3584 les
1115 3534 1204 3604 singa-

135 3622 220 3674 larites
233 3622 264 3673 de
279 3622 302 3673 la
316 3622 438 3673 destinee.
461 3644 474 3671 n

170 3715 194 3763 2.
217 3710 329 3762 Moecha
346 3710 395 3762 des
411 3711 500 3765 [dees.
519 3713 537 3769 l.
556 3732 579 3781 p.
598 3715 621 3763 5.
640 3742 673 3749 —-
690 3710 903 3767 Μαίένὶιιίιῖςηιθ,
923 3731 947 3780 p.
966 3714 1017 3762 230

171 3801 195 3852 3.
218 3799 352 3852 Fundam.
366 3798 402 3851 de
415 3818 464 3851 nes
481 3819 571 3858 centa,
584 3800 617 3856 ll,
635 3820 660 3869 p.
679 3803 738 3852 201.
757 3820 770 3847 (ι
792 3799 836 3851 Sil
853 3801 894 3868 n'y
909 3818 979 3869 apes
993 3800 1127 3852 d’histoire
1144 3822 1204 3872 pro-

136 3897 253 3958 prement
266 3889 318 3941 dite
333 3890 355 3940 lh
370 3891 404 3940 oh
420 3896 475 3940 tous
490 3889 525 3939 les
539 3891 703 3940 evenements
717 3889 834 3939 ‹terirent
852 3890 1062 3940 necessairement
1077 3898 1103 3941 et
1126 3895 1203 3960 regu·

135 3979 270 4036 lierement
282 3979 317 4030 les
332 3998 379 4030 ans
393 3979 437 4030 des
451 3984 543 4037 autres,
558 3997 589 4031 en
605 3985 678 4033 verta
693 3978 736 4029 des
750 3978 798 4028 lois
812 3985 955 4030 constantes
969 3997 1015 4054 par
1030 3979 1169 4054 lesquelles
1182 3981 1205 4035 le
