2684 4896
602 385 636 398 ..
658 359 690 409 53
711 387 741 396 -

161 488 418 559 convenientiam
437 490 597 586 reperias.
618 490 747 559 lterum
766 489 957 585 implicatio
970 490 1208 562 doctrinarum

160 621 353 718 simplicitati
372 624 500 692 resistit
519 635 622 719 atque
639 635 820 718 repugnat.
833 624 978 693 Necesse
995 651 1131 720 semper
1146 627 1210 696 erit

160 757 386 837 aeonomistcr,
406 768 444 826 ut
458 757 550 850 leges
571 769 758 852 conceptas
779 757 821 826 de
842 757 944 826 rebus
964 759 1123 834 affirmet,
1147 760 1208 828 has

159 902 182 958 et
193 890 378 958 admotum
389 891 538 986 aptiores
554 903 587 960 et
601 891 644 959 ad
659 916 861 960 mensuram
872 892 1208 962 accommodatiores

158 1022 265 1116 lingere
292 1049 399 1118 quam
424 1023 568 1093 historia
596 1024 651 1093 vel
677 1023 916 1093 recentissima
947 1024 1153 1104 tradiderit¹‚
1176 1037 1209 1095 et

157 1180 301 1233 occursus
317 1155 458 1226 interim
474 1157 667 1251 neglegere,
687 1157 815 1252 quibus
830 1157 970 1251 politica
986 1158 1040 1227 vel
1054 1158 1205 1253 juridica

156 1288 197 1355 ccl
216 1289 357 1359 moralia
376 1291 673 1360 aconomieorurn
698 1291 893 1359 normalem
914 1317 1056 1360 cursum
1083 1292 1206 1361 dellee-

157 1431 209 1490 tere
232 1423 353 1493 solent.
374 1424 509 1520 Exque
532 1425 678 1520 planum
703 1424 840 1505 'videtur
864 1425 956 1517 leges
977 1425 1207 1495 oeconomicus

156 1551 242 1647 ipsas,
261 1556 397 1626 etiamsi
413 1558 645 1652 quarumdam
662 1558 866 1628 societatum
882 1558 1081 1628 novissimis
1098 1570 1208 1628 nncrta-

156 1689 288 1760 tionibus
314 1691 467 1787 quodam
495 1693 600 1762 modo
627 1692 884 1772 convenientes,
910 1719 927 1761 e
954 1693 1098 1762 rationis·
1122 1719 1206 1762 eon-

156 1836 238 1917 ccptn
252 1824 371 1919 potius
391 1852 496 1920 quam
517 1851 559 1894 ex
578 1827 743 1896 historica
766 1827 944 1896 notatione
965 1827 1203 1897 auctoritatem

156 1958 318 2052 accepisse.

662 2227 677 2257 a

638 2293 650 2322 a
688 2295 700 2317 a

191 2490 277 2576 Quid
297 2491 404 2584 igitur·
423 2517 486 2560 nos
502 2503 602 2561 vetat.
622 2504 693 2561 arte
709 2492 826 2571 simili,
847 2494 1072 2589 proprietatos
1092 2522 1198 2590 peen-

149 2612 262 2692 liariter
278 2616 504 2718 sociologieas
522 2624 666 2694 delinire
678 2653 826 2721 quarum
840 2639 1036 2696 constantes
1052 2629 1193 2721 allectus

148 2774 183 2819 cx
199 2756 339 2826 historia
358 2758 458 2828 liceat
473 2759 693 2828 abstraheret

187 2890 306 2988 Aliqua
327 2919 368 2961 ex
387 2904 482 2987 parte
497 2893 579 2961 huic
595 2893 809 2988 indagationi
826 2895 1027 2965 Courno'cus
1042 2897 1198 2991 primunr

143 3017 305 3095 adversari
318 3026 474 3099 videtur:
499 3027 628 3122 quippe
649 3028 709 3123 qui
729 3028 887 3122 gentium
913 3041 1052 3099 naturas
1072 3030 1109 3098 in
1131 3029 1202 3098 bis·
1295 3039 1296 3043 ’

143 3157 220 3227 lttria
231 3161 425 3255 plurimum
443 3163 553 3230 valere
567 3162 744 3231 concedat.
760 3163 906 3232 lneuutc
918 3164 1044 3232 sacnlo
1058 3176 1191 3243 nostro,

139 3303 261 3364 cerunt
281 3293 506 3363 historiarum
529 3295 713 3390 scriptoris
736 3296 923 3364 lromimnn
951 3297 1119 3378 naturalia
1142 3325 1199 3392 ge-

166 3551 192 3601 l.
214 3555 305 3604 Ilecue
316 3555 466 3604 sonrrnar're
480 3573 484 3603 z
499 3553 623 3604 Necessitc‘r
634 3554 677 3604 des
689 3575 701 3602 a
715 3554 866 3623 hypotheses
877 3555 1023 3624 tbc'zoriques
1040 3576 1052 3604 o
1065 3557 1104 3625 (p.
1117 3557 1180 3623 ton)
1194 3576 1198 3605 ;

134 3645 146 3671 “
166 3636 209 3690 des
222 3642 390 3692 abstractionis
406 3643 553 3711 crrqunelles
573 3643 589 3692 il
607 3644 661 3692 lant
677 3643 792 3712 toujours
812 3645 925 3694 receurir
939 3663 1005 3713 pour
1020 3644 1153 3714 simplilier
1166 3645 1200 3695 les

130 3731 258 3782 ‘litestions
273 3739 297 3781 et
311 3731 346 3781 les
359 3731 450 3782 rendre
463 3732 608 3782 accessibles
623 3751 653 3782 au
670 3732 858 3783 raisonnement
874 3754 887 3781 >s
904 3735 942 3802 (p.
957 3736 1030 3801 335).
1049 3733 1199 3803 Simplifrca·

130 3804 196 3869 li0¹1s
212 3841 224 3868 n
239 3839 305 3889 pour
320 3820 355 3871 les
370 3820 469 3870 basolus
484 3821 515 3871 de
529 3821 551 3870 la
567 3821 741 3872 construction
759 3822 919 3890 scientifique
935 3843 948 3870 o
963 3824 1001 3892 (p.
1020 3824 1091 3890 264).
1110 3852 1141 3862 —
1156 3823 1197 3872 (ll.

127 3891 286 3978 Prioupes.
304 3928 329 3978 p.
347 3911 389 3961 8‘2.
406 3939 440 3947 -
454 3908 586 3959 Similibns
602 3909 685 3959 verbis
700 3910 781 3960 utitor
793 3909 928 3967 ll'nounn,
953 3910 978 3961 in
1002 3910 1202 3982 (trundtogoog

127 3979 181 4038 der·
199 3996 372 4051 Politiscbco
388 3998 564 4053 OEloooou'e,
582 3999 602 4057 l,
618 4018 642 4069 p.
664 4001 792 4051 cot-241.
