2684 4896
235 115 317 158 nera
330 88 367 156 in
383 88 497 157 lucem
513 88 688 157 reducere.
708 89 869 176 Quorum
885 113 1053 181 generum
1069 90 1294 160 constantiam

235 236 269 292 et
308 222 500 317 potentiam
546 223 668 291 Noster
705 248 844 317 quoque
891 219 1049 290 miratur.
1087 221 1293 318 Quanquam

235 355 370 424 casibus
386 355 571 434 obnoxios
589 367 622 424 ct
638 354 757 424 Gallos
777 353 1022 423 animadvertit
1048 366 1082 424 et
1106 356 1295 427 Germanos

235 489 375 558 eosdem
396 515 506 584 usquc
523 489 567 558 ad
583 501 736 557 nostram
753 500 889 558 aetatem
906 488 1088 569 exstitisse,
1105 516 1147 559 ex
1160 516 1201 560 eo
1216 503 1296 561 tem-

235 649 319 718 pore
339 648 409 718 quo
429 622 545 691 Caesar
564 635 597 691 et
616 622 754 690 Tacitus
774 648 896 690 eorum
911 621 1015 691 facies
1037 649 1075 692 ac
1095 650 1211 694 mores
1226 625 1297 694 des-

236 757 458 852 cripseruut¹.
490 756 671 825 llistoricis
708 755 855 850 Tlrierry
886 768 919 824 et
949 757 1067 826 chan
1100 759 1292 839 assentitur,

236 890 534 959 Nortlnnanorum
556 889 611 958 vel
633 889 805 958 Seruitum
827 880 983 958 innatam
1003 890 1160 960 indolem
1180 891 1303 960 adum·

237 1024 427 1093 lrrantibus.
449 1048 467 1093 a
483 1024 560 1092 Non
575 1023 694 1092 omnia
707 1049 897 1118 possumus
914 1049 1036 1093 omncs
1053 1050 1086 1104 r),
1104 1025 1171 1094 hoc
1192 1025 1305 1095 valere

239 1159 441 1226 (Iournotus
466 1170 582 1227 censet
607 1168 675 1226 tam
702 1156 926 1251 degentibus
951 1183 1057 1253 quarn
1082 1157 1124 1229 de
1152 1159 1306 1254 singula-

238 1275 332 1359 ribus
347 1289 588 1368 lrominibus²;
610 1290 696 1359 adeo
712 1302 750 1359 ut
768 1290 855 1360 ratio
870 1317 940 1386 qua
958 1317 1030 1360 non
1049 1292 1156 1361 modo
1172 1292 1308 1387 linguae

240 1424 300 1494 sed
329 1449 455 1502 mores,
483 1424 621 1518 publica
648 1424 816 1499 instituta,
843 1423 1029 1517 religiones
1057 1425 1142 1520 ipsae
1171 1425 1316 1495 consor-

239 1570 390 1636 mentur‚
414 1557 449 1626 in
475 1584 664 1653 corporum
685 1557 959 1627 conformatione
981 1558 1080 1654 quasi
1104 1559 1318 1655 praescripta

238 1718 311 1760 esse
335 1691 523 1761 videatur³.

288 1825 386 1894 llanc
402 1852 482 1894 veru
498 1852 685 1920 corporum
699 1824 1012 1895 conformatimrcm
1029 1853 1100 1896 non
1115 1827 1144 1896 is
1158 1839 1209 1897 cst
1223 1829 1316 1896 Nos-

241 1970 289 2028 ter
309 1960 369 2055 qui
391 1959 531 2028 unicam
552 1985 668 2027 rerum
689 1972 864 2052 gestarum
884 1986 1024 2030 causam
1045 1987 1118 2030 csse
1140 1961 1307 2032 declaret.

239 2093 289 2161 Ex
309 2119 379 2188 quo
395 2093 469 2188 jam
488 2104 580 2188 pat-et
599 2092 924 2188 antlrropologicam
944 2094 1127 2164 scientiam
1147 2095 1221 2164 aliis
1235 2095 1304 2164 dis·

240 2225 377 2321 ciplinis
411 2225 624 2294 nonnullum
653 2226 848 2322 relinquere
878 2222 1018 2296 locum.⁸
1036 2229 1124 2308 lino,
1153 2256 1229 2326 quae
1263 2254 1297 2297 ca

240 2359 381 2428 scicntia
406 2359 569 2427 describit
591 2359 754 2461 attributa
779 2360 889 2451 magis
915 2361 1095 2456 magisque
1119 2387 1292 2458 progressu
1334 2344 1336 2351 Ι

239 2491 465 2561 humanitatis
485 2492 663 2562 obliterata
686 2493 798 2571 sunt²;
822 2493 868 2562 ita
890 2507 940 2571 ut,
964 2495 1059 2589 quod
1078 2495 1122 2564 ad
1143 2495 1288 2565 cultiores

277 2788 300 2835 l.
322 2784 538 2836 illntdriulisme.
556 2804 580 2853 p.
605 2788 659 2836 177.
676 2785 717 2836 (ΖΓ,
738 2785 822 2836 ΙέηυΙι.
839 2785 889 2837 cles
904 2786 995 2839 [dees.
1012 2787 1045 2844 ll.
1063 2807 1088 2857 p.
1110 2792 1150 2847 li.
1169 2792 1224 2843 362.
1301 2850 1303 2855 .

277 2877 301 2924 2.
324 2872 440 2924 Mare-te
458 2872 508 2923 des
524 2872 606 2925 ldc'es
621 2883 646 2925 et
663 2873 712 2924 des
730 2858 786 2933 lin,
803 2874 821 2929 Ι,
840 2894 865 2944 p.
883 2878 926 2927 53.
943 2875 985 2926 Cf.
1003 2876 1089 2927 Israeli.
1105 2876 1157 2928 des
1169 2878 1249 2929 [dees.
1260 2875 1283 2931 ll.

242 2981 266 3030 p.
284 2964 308 3012 5.
328 2982 340 3009 a
358 2962 392 3012 Le
407 2980 514 3030 sauuage
524 2962 667 3013 construira
680 2981 705 3012 sa
721 2963 801 3017 lruttc.
819 2964 849 3013 ici
862 2983 922 3014 arec
938 2964 995 3015 telle
1008 2968 1095 3035 espdce
1110 2967 1142 3018 dc
1157 2966 1282 3018 materiam.

241 3058 267 3101 ct
280 3051 303 3101 la
315 3070 374 3101 arec
389 3051 446 3101 telle
460 3059 542 3110 autre,
559 3051 628 3102 selon
644 3051 679 3102 les
695 3053 835 3103 materiaux
851 3053 898 3103 mis
914 3055 927 3104 a
945 3073 969 3104 sa
984 3053 1135 3123 disposition
1149 3065 1174 3108 ct
1187 3055 1247 3106 selon
1259 3053 1284 3103 les

243 3140 375 3208 csigcuces
389 3139 424 3190 du
439 3140 534 3197 climat.
552 3159 652 3191 comme
666 3141 732 3191 arrssi
742 3141 841 3210 ‹l'aprds
854 3142 889 3192 les¹
902 3143 1032 3193 instinc-ts
1046 3141 1081 3194 dc
1096 3163 1129 3195 sa
1146 3162 1216 3197 mre.
1230 3163 1240 3191 11

277 3233 302 3279 3.
322 3228 406 3279 [sraela.
420 3227 470 3279 cles
485 3228 571 3285 Ide'es.
591 3229 622 3285 ll,
638 3249 662 3298 p.
681 3233 740 3281 202.
765 3250 778 3279 a
798 3231 845 3281 lies
862 3232 979 3282 instincts
993 3239 1018 3282 ct
1033 3232 1068 3282 les
1086 3232 1156 3284 iddes
1174 3232 1284 3303 [inlitique

242 3317 387 3386 ildpendcnt
408 3318 592 3368 cnrtainemcnt
606 3319 641 3369 du
656 3319 730 3387 gdrrie
746 3319 812 3369 natil'
824 3320 868 3370 dcs
883 3339 961 3372 races.
980 3342 993 3369 »
1010 3321 1052 3372 Cf.
1070 3321 1153 3378 ibid..
1171 3325 1225 3379 289.
1239 3322 1281 3372 455.

280 3409 302 3457 l.
323 3406 409 3457 lirae-lt.
426 3405 474 3457 des
489 3405 581 3462 lde'cs.
593 3407 625 3462 ll.
638 3426 662 3476 p.
675 3411 735 3460 372.
749 3428 762 3455 a
774 3408 794 3458 ll
809 3427 840 3458 nc
856 3410 910 3460 l'aut
925 3429 967 3477 pas
982 3410 1284 3482 s'exagt'rrerl'importancr

243 3495 383 3564 lristorique
397 3495 429 3546 dc
443 3515 482 3546 ecs
496 3495 683 3565 particularitds
698 3497 729 3546 dc
744 3498 911 3548 constitution
926 3499 1120 3551 intellectuelles
1129 3497 1284 3570 'comparent

243 3603 270 3637 cc
289 3584 352 3659 quil
364 3603 380 3655 y
394 3604 407 3635 a
422 3584 453 3635 de
467 3585 603 3639 necessaire
619 3592 644 3636 ct
657 3585 812 3640 d'unircrscl
826 3586 888 3642 ilaus
904 3587 925 3637 la
942 3595 1032 3643 uaturc
1048 3589 1179 3646 humaine.
1194 3611 1206 3639 a
1217 3583 1282 3642 ltid..
