2684 4896
691 363 726 375 -
746 336 778 387 10
800 363 831 373 -

229 465 385 562 inquirit,
421 466 491 536 sive
518 493 588 562 quo
621 467 729 536 modo
764 468 1051 559 cognos.eantur¹,
1087 482 1293 563 praesentem

229 625 365 694 semper
383 599 420 667 in
444 599 562 668 animo
585 611 677 669 tenet
705 600 828 670 Noster
845 600 871 668 F
874 611 1009 669 ortunae
1024 601 1294 673 indubitabilem

228 743 447 828 potestatem.

279 866 439 935 Primum
458 867 563 959 igitur
578 894 646 962 qua
665 868 730 936 sub
751 867 864 962 specie
880 867 1084 937 Cournotus
1100 870 1295 940 Fortunam

229 999 372 1069 existere
392 1011 425 1069 et
442 1025 541 1094 agere
556 1012 704 1079 censeat,
723 1000 824 1069 nobis
839 1000 1096 1070 absolvendum
1109 1016 1173 1072 est.

278 1133 310 1202 ls
318 1132 425 1211 enim,
437 1159 639 1229 quanquam
648 1133 855 1227 dogmaticis
864 1133 1092 1228 opinionibus
1107 1151 1293 1231 repugnat,

228 1293 302 1336 non
322 1266 452 1336 ideirco
479 1267 548 1335 illis
576 1266 734 1336 idearum
760 1267 952 1337 cultoribus
975 1294 1048 1336 sese
1072 1268 1297 1340 adnumerari

229 1401 357 1496 patitur
385 1400 446 1496 qui
474 1400 516 1470 de
532 1401 633 1470 rebus
649 1401 732 1496 ipsis
759 1399 950 1470 dubitant².
983 1401 1136 1470 Irritam'
1151 1404 1296 1498 quidem

229 1534 284 1604 vel
309 1534 425 1629 potius
452 1533 681 1628 periculosam
711 1534 813 1602 habet
833 1534 1109 1629 metaphysieam
1136 1537 1296 1606 substan-

232 1668 357 1738 tiarum
384 1667 673 1762 indagationem³‚
699 1679 732 1736 at
761 1667 855 1736 idcm
885 1693 904 1738 <i
925 1669 1031 1738 reales
1052 1695 1070 1738 ))
1095 1681 1188 1740 tenet
1203 1670 1296 1764 leges

230 1802 561 1899 phaenomenorum
582 1801 769 1870 scientifica
784 1801 1010 1897 inquisitione
1026 1803 1188 1873 detectas.
1210 1806 1300 1874 lian-

234 1936 322 2005 tium
350 1948 465 2032 aperte
492 1935 678 2030 vituperat,
709 1935 766 2003 eui
805 1935 896 2028 leges
936 1937 1019 2005 istae
1053 1937 1088 2005 in
1120 1938 1299 2009 intellectu

231 2070 467 2166 potiusquam
494 2069 530 2136 in
563 2069 668 2138 robus
688 2068 840 2138 fundata
856 2096 929 2137 csse
949 2070 1163 2139 rideanlur³.
1186 2073 1298 2142 Dum-

232 2203 337 2272 modo
381 2201 541 2297 quirdam
588 2201 904 2296 plncuomcnorum
947 2203 1190 2273 comcnicntia
1226 2233 1297 2274 non

232 2337 346 2406 solum
381 2335 498 2403 crebra
529 2333 583 2402 sel
625 2346 789 2402 constans
824 2335 1047 2430 percipiatur,
1096 2338 1156 2406 sed
1193 2340 1297 2408 ctiam

232 2469 379 2564 simplex
411 2467 639 2562 concipiatur.
694 2493 769 2535 cam
814 2494 833 2535 a
866 2494 985 2536 reruni
1021 2469 1178 2564 ipsarum
1224 2473 1298 2567 lege

232 2603 348 2698 potius
388 2627 494 2697 quam
536 2600 578 2668 ab
608 2599 804 2668 intellectus
848 2602 955 2670 nostri
981 2602 1120 2672 decreto
1147 2607 1299 2700 pendere

228 2737 307 2832 jure
327 2760 521 2804 censemus.
547 2733 757 2829 Simplicitas
781 2733 884 2803 index
916 2748 965 2804 est
987 2737 1170 2807 i·er·itatis³.
1203 2741 1300 2811 Ordo

270 3085 293 3132 l.
316 3080 431 3132 llurelre
446 3081 496 3132 des
513 3080 604 3133 lilaea.
622 3082 640 3132 l.
659 3101 683 3150 p.
702 3084 736 3133 2:
755 3103 767 3128 a
786 3081 819 3130 La
836 3082 919 3132 raison
936 3083 1020 3133 mbme
1036 3102 1101 3133 nous
1115 3084 1213 3154 impese
1228 3087 1301 3139 t'idta

232 3171 269 3221 dn
282 3169 405 3222 hasard...
421 3169 476 3220 Ellc
490 3177 526 3220 est
542 3170 564 3220 le
579 3170 695 3238 principe
708 3169 740 3220 de
755 3177 824 3220 touta
838 3173 925 3239 cspbce
939 3170 971 3221 de
983 3172 1125 3240 critique...
1145 3196 1158 3222 u

270 3263 294 3310 2.
316 3258 451 3310 Fotidem.
468 3257 568 3310 deiros
584 3276 676 3311 comi..
694 3259 743 3310 rol.
761 3258 793 3311 ll.
810 3259 883 3328 cbap.
902 3260 933 3309 ‘2¹2
949 3267 974 3309 et
991 3263 1032 3311 25.

270 3352 295 3399 3.
318 3347 531 3401 ,llaterialisme
549 3368 572 3416 p.
591 3351 624 3399 5:
644 3369 657 3396 a
680 3347 766 3398 L'idc'e
780 3348 812 3399 dc
829 3349 989 3399 substancca
1011 3350 1224 3417 singulibrcment
1238 3374 1301 3406 con·

234 3437 318 3487 tribue
333 3439 345 3486 'a
360 3438 450 3503 agaret
463 3436 499 3485 les
514 3435 685 3505 philosophas.
705 3456 718 3483 »

272 3528 295 3576 4.
318 3523 450 3576 Fundam.
468 3523 504 3575 de
519 3542 569 3576 nos
588 3542 680 3577 cona..
707 3525 740 3577 ll,
767 3545 792 3595 p.
814 3528 883 3577 380:
914 3547 927 3574 a
949 3526 1018 3577 Nous
1036 3547 1152 3597 pomons
1177 3533 1302 3586 trtshien

235 3615 325 3667 croire.
339 3614 538 3664 coiitrairement
556 3616 570 3664 a
590 3614 730 3664 l'asscrlion
752 3615 784 3665 dc
804 3616 883 3668 liant.
899 3635 949 3684 que
969 3635 1015 3666 nos
1040 3621 1256 3688 rcprcscntations
1279 3643 1303 3675 se

236 3703 335 3771 riquent
357 3721 399 3752 sur
413 3702 449 3752 les
468 3703 650 3771 pbinombncs.
665 3710 690 3753 ct
707 3722 757 3753 non
780 3705 815 3754 les
833 3705 1008 3773 plicnomtnes
1021 3725 1066 3757 sur
1081 3727 1126 3759 nos
1141 3714 1302 3780 representa-

236 3793 311 3845 tions.
325 3793 411 3842 cest-li
424 3791 480 3842 dice
498 3811 548 3860 qne
568 3791 663 3842 l'ordre
687 3792 732 3861 qui
746 3802 784 3843 est
806 3793 870 3843 dans
891 3812 937 3844 nos
960 3798 1175 3865 representations
1189 3801 1260 3853 sient
1273 3802 1303 3854 de

236 3881 330 3932 l'ordre
344 3881 389 3949 qui
402 3888 439 3931 est
453 3881 516 3931 dans
529 3881 565 3931 les
577 3881 760 3950 plicnembnes.
778 3890 803 3933 et
817 3901 869 3933 non
885 3902 928 3954 pas
943 3885 1124 3939 inrerscmcnt.
1144 3910 1158 3939 a

273 3973 298 4027 ξ»,
320 3969 537 4023 ⁴llute'riulismr.
554 3989 579 4049 p.
598 3972 648 4021 3¹29
663 3989 719 4047 sqq.
