2684 4896
523 368 662 421 ,31-

80 499 280 593 indagatione
296 500 518 570 Cournotum
542 527 614 570 non
636 501 682 571 ita
703 501 903 574 abhorrere.
934 503 1126 576 Historioa-

81 656 144 700 runt
177 658 296 702 rerum
328 631 491 702 varietate
522 645 555 702 et
588 632 780 703 mobilitate
807 660 1008 731 quanquam
1041 651 1126 732 prae·

82 777 260 861 occupatus,
287 765 469 836 historiam
503 767 731 862 componenti
764 792 836 836 non
868 768 972 838 modo
1002 781 1124 839 eventa

81 899 188 994 majora
203 899 264 970 sed
279 912 313 970 et
326 901 418 992 leges
438 900 649 970 universales
669 899 793 970 fatetur
813 901 1011 972 obveni1·e¹.

117 1033 267 1122 Quarum
280 1033 448 1130 quasdam
463 1034 536 1129 ipse
552 1059 624 1103 non
635 1033 769 1104 dubitat
784 1035 976 1105 enuntiare.
990 1035 1123 1131 Nempe

80 1167 196 1237 erebus
211 1167 435 1236 aeconomicis
458 1167 627 1263 plurimas
658 1168 844 1248 contrahit,
866 1169 993 1265 quibus
1018 1169 1121 1239 etiam

80 1299 338 1370 mathematicam
348 1300 489 1369 adhibet
503 1300 652 1369 sormam
672 1327 678 1368 :
696 1300 790 1396 quod
801 1300 887 1369 dum
902 1300 1018 1381 efficit,
1032 1301 1124 1371 inter

78 1443 185 1503 veteres
201 1446 235 1504 et
248 1435 457 1504 recentiores
472 1433 728 1513 aeconomum,
744 1427 896 1529 quorum
911 1434 948 1502 hi
963 1434 1119 1514 rationis,
1208 1529 1211 1534 Ι

76 1562 113 1633 illi
126 1567 286 1648 historiae,
303 1567 341 1636 hi
362 1592 381 1639 t<
399 1567 675 1661 individualismi
696 1592 730 1647 n,
746 1567 797 1635 illi
815 1591 833 1637 (t
847 1566 1083 1638 nationalismi
1100 1593 1119 1638 »

74 1696 203 1772 fautores
220 1729 294 1773 esse
308 1702 484 1782 videntur,
500 1702 598 1798 quasi
614 1701 750 1771 medius
763 1713 885 1782 exstat,
904 1702 1122 1797 comprobat-

71 1854 125 1924 que
143 1862 233 1906 nova
248 1848 362 1906 vetere
390 1836 556 1905 methodo
572 1836 761 1904 instaurata
776 1861 876 1931 posse
898 1834 1022 1929 detegi.
1042 1835 1119 1904 Imo

67 1966 213 2040 scientias
240 1971 479 2065 sociologicas
505 1969 615 2039 rarius
640 1969 734 2064 quod
763 1969 937 2038 difficilius
967 1969 1118 2039 excultas

62 2103 252 2196 aggreditur
275 2131 282 2182 ;
309 2130 373 2173 nec
418 2104 538 2198 paucis
582 2102 749 2197 exemplis
795 2103 1009 2172 demonstrat
1050 2130 1118 2199 qua

59 2236 185 2306 rarione
206 2263 285 2334 quae
311 2263 329 2306 e
358 2237 561 2307 societatum
588 2236 701 2304 forma
722 2235 896 2330 pendeant
921 2247 1117 2306 constantes

55 2370 280 2466 proprietates
294 2370 330 2438 in
346 2369 461 2439 lucem
480 2368 627 2465 proferri
641 2369 775 2464 possint
794 2395 800 2436 :
819 2368 865 2437 ita
881 2369 994 2464 utqui
1011 2369 1119 2438 socio-

53 2491 152 2594 logia
176 2504 428 2574 constituendas
451 2503 601 2581 student,
636 2501 806 2571 Counnoti
830 2501 987 2597 exempla
1007 2503 1119 2571 Cour-

51 2638 128 2706 nori
151 2637 267 2708 vetitis
293 2648 521 2733 opponentes
548 2662 588 2704 cx
612 2635 721 2730 ipsius
743 2634 927 2729 disciplina
952 2661 1116 2728 magnam

50 2785 150 2860 Spem
170 2772 352 2868 concipere
370 2770 518 2867 possint.

103 2905 242 2993 Quanta
256 2904 507 3000 impedimenta
522 2903 563 2971 iis
578 2903 768 2971 obventura
789 2912 916 2979 essent,
939 2927 1012 2970 non
1027 2901 1115 2971 frus-

50 3039 106 3106 tra
118 3039 260 3135 quidem
283 3039 408 3107 Noster
423 3035 724 3108 commemoravit.
744 3035 839 3124 Quot
863 3047 896 3105 et
916 3047 1116 3129 temporum

50 3178 86 3235 et
107 3171 265 3242 locorum
288 3171 431 3240 diversis
456 3170 644 3241 momentis
665 3168 869 3239 societatum
891 3167 1115 3263 proprietates

51 3297 123 3373 sint
140 3305 313 3384 obnoxias,
333 3305 398 3374 hoc
420 3304 644 3374 utilissimum
668 3314 719 3371 cst
742 3302 843 3370 nobis
870 3300 1037 3370 dictitare.
1065 3299 1116 3368 Ex

51 3452 124 3522 quo
155 3437 350 3507 notandum
380 3449 431 3506 est
458 3436 685 3530 sociologicas
709 3435 802 3528 leges
830 3460 901 3503 non
929 3433 1044 3502 statim
1073 3459 1114 3502 ex

51 3557 226 3664 implicata
240 3596 358 3639 rerum
379 3570 637 3664 comparatione
651 3568 769 3637 inferri
786 3592 905 3662 posse:
924 3567 1008 3636 tales
1023 3568 1114 3659 leges

91 3835 117 3884 1.
137 3836 220 3889 Enclr.
238 3835 289 3888 des
305 3834 397 3894 Ide'eS,
413 3835 446 3895 lt,
458 3855 483 3905 p.
503 3836 563 3887 351.
582 3854 595 3884 a
612 3834 647 3884 La
662 3833 823 3903 philosophie
838 3833 869 3884 de
885 3833 1010 3883 l'histoire
1025 3839 1114 3882 trouve

53 3911 101 3969 des
122 3923 164 3977 lois
185 3945 228 3977 sur
243 3945 288 3976 son
303 3925 415 3979 chemin.
433 3924 477 3974 dos
496 3924 543 3974 lois
559 3923 622 3973 dont
641 3941 673 3973 on
690 3931 749 3992 pem
773 3922 923 3990 assignaris
939 3923 1023 3971 anison
1042 3920 1113 3970 {hdo-

54 4019 136 4077 I'¹s{tle.
159 4036 169 4061 u

193 4122 313 4172 tioucnd.
956 4116 971 4164 6
