2684 4896
597 373 736 424 „42-

133 507 198 576 bus
228 507 444 576 cohaerentes
469 517 507 575 ut
530 506 566 575 in
591 531 766 577 summam
791 505 980 603 quamdam
1008 503 1158 599 congrede·
1222 510 1231 550 ³

134 651 254 710 rentur
286 666 325 709 ac
359 640 586 719 confluerent,
610 640 770 736 priorum
796 665 933 709 necnon
963 638 1160 734 posteriorum

132 773 427 869 philosophorum
446 773 610 869 operibus
626 773 741 844 hercle
756 773 850 843 haud
864 773 1046 868 imparem.

659 1042 675 1074 ἡ

635 1104 651 1135 ἢ
684 1104 701 1136 ἢ

187 1308 357 1396 Quarmis
376 1308 550 1404 principio
570 1306 823 1376 mathematicis
843 1306 1015 1376 studuerit
1033 1305 1172 1377 scientiis.

136 1442 361 1512 Cournotum
377 1441 605 1511 meminimus
621 1440 745 1510 abillis
761 1440 912 1510 scientiis
927 1466 1014 1538 quas
1029 1440 1177 1509 naturales

135 1575 351 1672 appellamus
379 1576 531 1672 plurima
562 1575 763 1670 sumpsisse.
795 1574 954 1663 Quarum
986 1575 1180 1644 incremento

135 1710 395 1805 philosophiam
421 1736 462 1779 cx
485 1710 557 1779 imo
581 1720 783 1779 renovatam
807 1734 879 1778 esse
903 1709 1031 1804 putat¹.
1050 1707 1182 1778 Facilius

137 1843 280 1939 quidem
302 1842 547 1913 intellectualia
567 1856 626 1912 aut
645 1841 847 1912 mechanica
865 1868 972 1938 quam
988 1841 1101 1912 vitalia
1120 1866 1185 1911 con·

138 1977 300 2072 cipimus,
318 1989 352 2046 et
366 1977 543 2046 sterilitate
559 1975 724 2070 allligitur
739 1976 767 2044 si
783 1975 861 2071 quis
876 1975 913 2044 in
929 1975 983 2045 his
1000 1975 1188 2047 clarioribus
1229 1994 1231 2007 '

141 2121 274 2179 tantum
292 2110 420 2180 versari
434 2109 545 2180 vclit².
565 2109 699 2178 Idcirco
716 2110 920 2179 Cournotus
936 2121 1053 2180 censet
1067 2109 1109 2180 de
1124 2109 1191 2179 Car-

142 2243 271 2312 tesiana
290 2243 473 2338 disciplina
493 2270 564 2312 non
584 2243 737 2313 multum
750 2243 824 2338 jam
843 2269 917 2312 osse
936 2242 1189 2313 lrauriendum³.

142 2376 278 2469 Collige
299 2403 391 2455 vero,
410 2404 429 2446 a
445 2376 737 2446 Germanicorum
755 2376 964 2472 scriptorum
979 2375 1193 2475 opinionibus

141 2510 215 2605 qui,
234 2522 271 2579 ut
292 2511 471 2605 Schelling
491 2524 550 2580 aut
566 2511 686 2604 llegeh
711 2509 925 2605 amplissima
945 2521 1130 2603 systemata
1148 2536 1195 2578 ex-

143 2655 354 2723 struxerunt,
380 2645 433 2713 rel
452 2672 470 2713 a
498 2644 728 2723 Gallicorum,
755 2643 828 2740 qui,
852 2655 890 2712 ut
912 2643 964 2711 De
991 2642 1130 2713 Maistrc
1148 2654 1198 2712 aut

144 2777 196 2844 De
211 2777 356 2856 donate,
371 2778 557 2873 superioris
574 2777 692 2846 saeculi
703 2777 882 2846 rationalia
900 2776 1103 2872 praejudicia
1117 2777 1199 2846 lahe-

141 2910 309 2989 lecerunt,
341 2938 419 3005 quse
445 2911 623 2980 conlluant
643 2910 800 2979 residua'*
824 2937 830 2979 :
854 2911 927 2979 haec
947 2909 990 2978 ad
1010 2936 1088 2979 eam
1107 2909 1200 2978 disci-

181 3133 202 3180 l.
226 3131 403 3182 ⁴llurclredes·
421 3131 511 3191 ldees,
529 3132 561 3188 ΙΙ,
580 3152 603 3201 p.
625 3136 682 3186 triu.
702 3136 758 3188 190,
777 3154 790 3181 ι(
809 3133 843 3182 lie.
856 3132 979 3182 vitalisme
992 3133 1106 3183 coriticnt
1118 3132 1140 3182 le
1156 3132 1202 3182 rrai

144 3220 257 3289 principe
274 3223 425 3271 rdnmatcur
440 3220 471 3271 dc
487 3221 509 3271 la
525 3222 685 3290 philosophie
698 3222 731 3271 du
748 3234 805 3272 xrxe
821 3221 902 3271 siecle.
923 3241 935 3268 u

179 3312 203 3359 2.
226 3309 312 3359 Iirrrlr.
337 3308 387 3359 des
410 3308 502 3363 [dees.
527 3310 561 3367 ΙΙ,
579 3329 603 3378 p.
625 3312 681 3360 19⁴2.
701 3331 714 3358 a
735 3310 781 3360 Les
796 3310 958 3379 philosophes
976 3309 1079 3360 reulcnt
1098 3309 1160 3360 laire
1178 3309 1205 3359 de

144 3397 149 3446 l
163 3397 267 3447 homme
283 3416 310 3447 ce
322 3398 384 3466 qn‘il
400 3399 464 3448 n'est
476 3417 526 3465 pas,
544 3416 571 3447 ee
586 3417 635 3466 quo
649 3397 773 3448 l'histoire
789 3417 853 3448 nous
868 3405 969 3449 montre
983 3399 1047 3467 qu'il
1064 3399 1104 3449 n'a
1117 3399 1205 3467 jamais

145 3487 194 3541 ete,
211 3487 293 3535 tantdt
315 3505 365 3534 une
384 3504 447 3552 pure
466 3485 635 3552 intelligente.
660 3488 742 3537 tantdt
760 3505 811 3537 une
831 3487 906 3537 brute
920 3504 955 3537 ou
968 3505 1019 3538 arne
1034 3487 1170 3546 machine;
1185 3494 1207 3536 et

146 3573 168 3622 la
184 3573 265 3623 raison
280 3573 310 3623 de
324 3581 388 3623 cette
406 3574 525 3642 mr'prise,
543 3576 603 3624 c'ost
616 3575 677 3643 qu'il
693 3583 730 3625 est
745 3575 803 3645 plus
819 3576 891 3626 facile
904 3575 935 3626 de
950 3593 975 3626 se
990 3575 1084 3627 rendre
1098 3583 1205 3645 compte,

144 3680 189 3728 par
202 3661 224 3711 la
241 3661 407 3711 constitution
423 3662 453 3711 de
469 3669 542 3712 notre
555 3663 746 3722 cntendement,
764 3663 808 3714 des
822 3665 868 3715 lois
883 3664 961 3714 d’une
971 3664 1134 3733 intelligenoc
1149 3684 1208 3734 pure

144 3768 177 3798 ou
192 3749 223 3799 dc
238 3750 312 3800 celles
324 3750 401 3800 d'une
420 3750 546 3807 machine,
563 3770 613 3820 que
628 3751 671 3801 des
686 3752 732 3802 lois
747 3753 791 3822 qui
807 3753 905 3821 rr'·glerrt
919 3753 942 3803 le
955 3752 1167 3823 dereloppoment
1180 3754 1208 3804 de

146 3837 168 3887 la
181 3839 221 3887 rie
233 3837 296 3887 daris
308 3858 342 3888 un
358 3839 411 3889 etro
428 3839 513 3889 ritant-
528 3847 553 3890 et
567 3840 662 3892 artinis.
686 3861 698 3887 n

182 3930 206 3976 3.
229 3926 343 3976 ,llurrlre
358 3926 407 3977 des
423 3927 513 3979 [dees.
533 3928 564 3985 ll,
583 3947 606 3996 p.
625 3930 684 3979 220.

185 4016 206 4068 l·
230 4013 314 4074 lbid.,
334 4015 365 4074 ll,
380 4035 404 4086 p.
422 4019 481 4084 2l3,
497 4019 558 4068 2Ιῦ.
