2858 5090
507 449 648 502 ,49-

60 613 188 682 corpora
207 590 289 655 cum
310 583 544 654 animantium
565 582 771 678 corporibus
797 584 999 666 contuleris
1029 585 1085 655 ins
1100 631 1113 640 ·

58 721 137 792 riora
162 719 220 788 illa
249 732 282 790 et
309 717 447 814 polypis
475 717 592 813 potius
618 743 725 813 quam
752 717 956 789 hominibus
984 719 1112 790 similia

57 881 119 924 csse
137 843 317 923 fatendum
337 853 418 921 est¹.
439 851 518 921 Non
536 851 584 920 ita
597 849 815 921 naturalibus
831 851 983 924 scientiis
1002 853 1113 924 histo-

58 989 138 1057 ricus
156 987 207 1058 uti
236 987 339 1056 debet
361 998 400 1055 ut
420 985 617 1054 societatem
643 983 741 1080 quasi
762 984 832 1054 Ens
853 999 1005 1057 exstruat
1019 1001 1113 1058 extra

57 1122 205 1191 homines
220 1122 257 1190 in
274 1147 309 1190 se
324 1132 486 1190 constans
505 1146 511 1187 :
530 1119 573 1188 ab
595 1118 637 1188 iis
660 1117 869 1188 discendum
889 1135 940 1190 est
959 1147 1030 1191 non
1051 1123 1112 1192 ubi

56 1256 159 1326 sedeat
178 1254 350 1326 societatis
366 1252 569 1330 substantia,
589 1252 648 1322 sed
663 1278 734 1348 quo
748 1253 854 1322 modo
868 1255 1059 1350 procedant
1079 1269 1112 1325 et

57 1389 135 1459 inter
160 1416 195 1460 se
227 1387 438 1458 conveniant
466 1413 544 1483 quae
578 1413 620 1454 ex
646 1385 835 1456 hominum
862 1389 1112 1484 conjunctione

57 1523 201 1593 oriantur
217 1523 461 1618 phaenomena.

98 1659 209 1747 Quem
230 1656 378 1726 modum
397 1655 514 1751 ipsum
541 1680 614 1724 non
634 1655 719 1726 adeo
742 1656 963 1726 reconditum
991 1658 1114 1727 obscu-

57 1819 196 1890 rumque
217 1791 419 1860 Cournotus
440 1815 513 1858 esse
528 1789 721 1860 constituit.
744 1790 849 1878 Quod
860 1792 930 1862 vita
949 1792 1108 1872 efficitur,

57 1926 114 1995 boc
132 1925 276 2022 quidem
296 1923 516 2020 perobscuris
537 1923 733 1994 actionibus
753 1925 843 1994 effici
863 1951 953 2021 saepe
968 1925 1114 1995 demon-

58 2060 178 2141 stravit,
190 2073 224 2129 et
238 2059 318 2128 ideo
335 2057 489 2128 civitates
499 2084 579 2127 cum
597 2058 821 2152 gignentibus
837 2059 987 2130 contulit
1001 2061 1108 2157 quod,

57 2220 125 2288 quac
160 2195 197 2264 in
231 2193 273 2262 iis
301 2191 439 2263 evenire
469 2191 592 2271 solent,
630 2192 704 2261 haeo
731 2192 939 2290 plerumque
964 2220 1038 2264 non
1072 2220 1113 2263 ex

57 2327 235 2397 bominum
263 2326 442 2396 voluntate
474 2326 527 2394 sui
556 2326 693 2395 conscia
722 2352 895 2408 emanare,
925 2353 1039 2424 neque
1070 2329 1112 2398 ab

57 2460 203 2532 humano
218 2461 397 2530 intellectu
416 2460 557 2555 penitus
577 2459 754 2556 explanari
773 2487 873 2556 posse
896 2461 1108 2532 viderentur.

57 2592 99 2662 Ne
130 2608 246 2664 tamen
278 2593 409 2672 credas,
440 2593 534 2688 quod
561 2593 604 2661 ad
633 2589 811 2663 societates
837 2595 970 2674 attinet,
1007 2594 1113 2690 hujus

55 2727 239 2798 absconditi
259 2727 386 2796 laboris
412 2725 631 2820 intelligendi
654 2753 752 2822 spem
775 2754 920 2797 ornnem
948 2755 966 2798 a
987 2729 1113 2797 Nostro

56 2863 148 2931 nobis
174 2889 248 2932 esse
281 2862 503 2957 diremptam.
542 2860 613 2949 Qui
641 2886 723 2929 cum
751 2861 917 2932 intimum
948 2863 1115 2958 perspicit

55 2993 216 3076 laborem,
244 3021 314 3092 quo
337 3009 370 3065 et
395 2994 526 3088 linguar
554 3005 587 3063 et
606 2994 686 3089 jura
715 3008 985 3091 componantur,
1019 2996 1115 3066 huno

56 3130 201 3200 ostendit
221 3156 262 3199 cx
282 3129 470 3198 bominum
493 3128 613 3222 ignota
633 3128 772 3198 solertia
790 3129 955 3224 pendere,
979 3143 1013 3200 et
1031 3157 1116 3226 prae-

54 3459 166 3514 l'activitd
178 3461 222 3512 des
241 3461 358 3512 hommes
379 3459 466 3510 reunis
490 3477 521 3510 en
537 3459 640 3510 socic'tds
656 3457 830 3521 nombreuses,
848 3461 908 3511 c'est
922 3469 1116 3530 apparemment

53 3547 74 3599 la
93 3551 130 3601 rie
153 3569 202 3620 que
223 3567 289 3600 nous
308 3548 428 3618 appelons
449 3547 590 3616 organique
611 3565 644 3598 ou
663 3548 813 3616 vegetatus,
839 3549 862 3599 la
884 3549 923 3600 vie
946 3551 991 3619 qui
1011 3551 1052 3608 n'a
1072 3569 1116 3621 pas

54 3638 196 3690 conscience
208 3638 415 3689 delle-mtme...
434 3657 447 3686 n

90 3731 112 3778 t.
134 3726 350 3786 Μαιένίαίἰειηθ,
367 3745 392 3796 p.
411 3727 470 3778 189.
487 3755 519 3764 -
535 3724 577 3776 Gt.
599 3724 715 3778 Marcke
734 3724 784 3777 des
801 3725 892 3786 [dces.
908 3726 940 3784 lt.
959 3746 984 3796 p.
1003 3731 1062 3781 400.
1081 3729 1116 3780 La

54 3823 149 3877 nature,
168 3838 181 3868 κ
196 3824 253 3868 tout
267 3834 300 3866 en
312 3815 448 3866 accordant
463 3817 476 3864 a
490 3814 563 3864 l'ttre
575 3814 688 3866 collectis
701 3814 724 3865 la
737 3815 891 3886 puissunce
905 3815 936 3866 de
951 3816 1014 3868 faire
1028 3835 1056 3868 ce
1066 3835 1116 3886 quo

54 3903 185 3963 l’individu
200 3923 232 3956 ne
247 3905 322 3955 serait
336 3922 389 3974 pas,
412 3921 457 3972 par
472 3902 588 3972 exemplo
608 3905 623 3953 a
644 3902 688 3954 dcs
702 3905 819 3972 agrdgats
839 3902 871 3953 de
886 3904 990 3974 polypes
1004 3905 1028 3956 la
1042 3907 1114 3975 puis-

53 3991 1117 4064 mmmmmmwfflmwmmmmwfflmmwmwe

54 4081 1115 4152 dmwmmhwfflfflmmdmmmmmbfflmmffifflffluu

201 4191 327 4241 Boromt.
973 4193 987 4241 4
