2684 4896
687 382 721 393 ..
742 356 775 407 16
797 383 828 392 ...

221 484 484 562 ciderit‚11emo
513 496 564 553 est
598 486 659 581 qui
679 486 712 554 vi
739 485 934 555 intellectus
965 512 1046 555 eum
1066 486 1288 582 conjiciendo

221 617 319 713 quasi
342 616 532 686 instaurare
561 617 694 711 possit¹
726 644 732 685 :
762 617 929 687 memoria
960 617 1056 687 enim
1084 618 1169 687 tales
1195 618 1290 687 anuli

220 761 395 830 tenentur,
412 776 483 819 non
504 750 751 847 concipiuntur
774 751 919 821 ratione.
943 751 1114 840 Quibuse
1137 752 1290 821 seriebus

221 895 405 977 systemata
443 884 652 953 constituere
684 886 757 954 non
790 884 898 962 licet;
931 884 1060 979 quippe
1091 911 1184 980 quai,
1218 910 1289 952 non

220 1015 452 1108 cogitationis,
483 1016 543 1084 sed
568 1028 767 1111 temporum
797 1016 930 1086 ratione
950 1028 1199 1097 concatenatis,
1218 1043 1290 1086 sese

219 1149 370 1219 invicem
384 1149 458 1219 sinc
473 1149 735 1218 intermissione
756 1162 871 1219 secent
891 1150 1072 1246 implicent
1091 1177 1130 1219 ac
1150 1162 1290 1245 pertur-

127 1378 132 1389 .
219 1283 315 1361 hcnt,
330 1284 396 1352 hoc
411 1295 472 1361 cst,
490 1284 657 1352 Fortunae
672 1284 782 1352 latum
798 1283 954 1379 aperiant
968 1310 1145 1380 campum.
1167 1285 1194 1352 E
1209 1285 1236 1353 F
1239 1310 1290 1353 or·

219 1428 302 1486 tuna
321 1428 437 1486 autem
459 1416 610 1513 pendent
626 1443 699 1485 non
714 1417 820 1486 modo
836 1443 953 1486 rerum
974 1417 1123 1487 initiales
1139 1417 1290 1486 colloca-

220 1549 347 1629 tiones,
384 1550 443 1620 sed
481 1551 584 1621 etiam
617 1551 825 1646 posteriores
859 1550 1175 1644 congregationes²,
1204 1577 1289 1646 quas

219 1683 321 1752 nobis
346 1709 417 1752 non
443 1683 625 1780 explicare,
652 1684 711 1754 scd
738 1710 876 1753 narrare
897 1696 1033 1754 tantum
1060 1684 1097 1752 in
1121 1695 1289 1780 promptu

219 1828 280 1885 est.
310 1818 384 1887 lloc
404 1829 456 1886 est
484 1842 502 1886 t(
532 1817 705 1886 historicen
732 1844 751 1888 »
776 1817 988 1911 cognitionis
1012 1817 1226 1914 principium
1258 1829 1290 1886 et

218 1950 329 2029 sons³,
353 1978 431 2046 quie
448 1952 574 2021 Nostro
595 1977 668 2020 non
695 1951 823 2029 solnm,
848 1963 887 2019 ut
907 1952 1049 2049 llaeoni,
1069 1977 1134 2047 pro
1155 1951 1289 2019 ratione

218 2083 420 2154 facultatum
442 2085 678 2155 humanarum
697 2112 716 2154 a
738 2111 757 2156 <i
780 2085 971 2155 theorica»
994 2084 1195 2177 cognitione
1221 2084 1289 2152 dis-

219 2218 390 2287 cernenda
411 2218 558 2297 ridetur,
582 2219 761 2288 sedetiam
781 2245 844 2313 pro
865 2219 997 2287 ratione
1018 2244 1148 2287 rerum.
1176 2217 1289 2286 Theo-

219 2350 287 2420 rica
321 2351 534 2446 cognitione,
570 2364 607 2421 nt
636 2379 739 2447 snpra
775 2352 939 2431 vidimus,
974 2362 1220 2447 permanentes
1257 2362 1289 2418 et

218 2485 430 2554 coharentes
461 2498 494 2554 et
532 2486 705 2580 simplices
743 2486 968 2582 proprietates
1003 2485 1285 2580 concipiuntur:

218 2619 380 2689 historica
416 2632 531 2689 autem
565 2632 687 2699 eventa
721 2621 905 2689 traduntur
941 2645 1053 2715 neque
1087 2618 1289 2688 constantia

256 2904 279 2954 l.
301 2901 518 2962 alato-tathone,
544 2922 569 2973 p.
593 2905 652 2955 129.
676 2923 689 2952 ι(
711 2902 745 2954 La
759 2921 834 2954 cause
858 2903 889 2953 de
904 2910 961 2953 tous
976 2920 1016 2953 ees
1031 2902 1089 2953 laits
1107 2909 1145 2952 est
1167 2902 1232 2953 dans
1247 2901 1290 2953 des

218 2990 275 3041 faits
290 2991 461 3051 antecedents,
477 2992 540 3043 (lans
559 2991 603 3043 des
617 2992 730 3043 dormies
751 3011 801 3061 qne
824 3010 888 3042 nous
903 3010 1040 3042 nommons
1055 2991 1219 3060 historiques,
1237 3009 1289 3042 non

217 3098 267 3148 que
281 3098 344 3130 nous
359 3080 486 3149 puissions
504 3080 528 3131 la
551 3082 682 3132 connaltre
704 3081 929 3150 historiquement,
946 3081 1052 3132 attendu
1067 3098 1119 3150 qne
1142 3080 1178 3131 les
1191 3098 1289 3131 monu-

218 3176 301 3220 ments
313 3169 391 3220 ‹l'une
404 3168 462 3220 telle
477 3170 582 3220 histoire
597 3178 643 3221 ont
653 3189 761 3240 presque
772 3178 829 3221 tons
843 3171 908 3240 peri.
920 3171 983 3220 mais
997 3187 1071 3238 parce
1084 3188 1134 3238 que
1147 3188 1213 3220 nous
1229 3189 1289 3221 con·

218 3275 310 3308 cerons
324 3276 375 3308 une
388 3258 451 3308 serie
466 3258 497 3309 de
509 3259 567 3310 faits
579 3277 612 3309 ou
629 3259 820 3313 ‹l'ei'enements
834 3258 916 3327 qu’un
930 3260 1026 3309 temoin
1042 3257 1190 3326 intelligent
1206 3259 1291 3310 aurait

217 3365 253 3414 pu
267 3353 342 3398 noter
356 3347 418 3398 dans
433 3348 489 3398 leur
504 3355 587 3417 temps
601 3355 626 3398 et
642 3349 689 3417 qni
704 3348 873 3399 donneraient
892 3348 915 3398 la
930 3348 967 3398 ele
982 3348 1025 3398 des
1040 3347 1098 3398 saits
1112 3337 1216 3405 actuels,
1232 3366 1291 3398 sans

218 3453 268 3504 que
283 3436 338 3486 rien
353 3437 436 3505 puisse
451 3436 634 3506 (ledommager
646 3437 677 3487 de
692 3437 715 3488 la
728 3445 799 3506 perte
810 3437 853 3488 (les
864 3437 1016 3488 documento
1030 3436 1185 3505 historiques
1200 3436 1289 3505 quand

218 3524 267 3575 elle
280 3532 317 3575 cst
331 3526 467 3594 complete.
490 3546 503 3574 >i

255 3616 279 3664 2.
301 3614 518 3675 Mate'riolisine,
536 3634 560 3684 p.
576 3618 608 3668 67
624 3635 628 3666 ;
644 3615 665 3666 ll
681 3616 735 3666 saut
753 3616 897 3684 distinguer
912 3616 944 3666 de
963 3634 991 3666 ce
1010 3615 1054 3684 qui
1070 3621 1107 3665 est
1121 3613 1239 3664 essentiel
1256 3633 1289 3664 ou

218 3703 358 3753 necessaire
373 3722 405 3754 en
421 3711 494 3754 vertu
509 3704 586 3756 d'une
602 3705 636 3755 loi
653 3726 665 3754 a
681 3724 709 3756 ce
722 3706 767 3774 qni
780 3705 873 3756 resulto
887 3703 1126 3755 accidentallement
1145 3721 1179 3753 ou
1195 3703 1290 3754 lortni·

219 3796 316 3840 tement
329 3791 360 3842 de
374 3792 497 3842 certaines
511 3792 673 3861 dispositions
688 3792 796 3844 initiales
810 3812 844 3843 ou
863 3792 894 3843 de
914 3793 1037 3844 certaines
1061 3799 1210 3842 rencontres
1225 3791 1292 3842 dont

219 3896 283 3929 nous
299 3879 471 3931 n'admettons
485 3899 529 3948 pas
542 3880 566 3932 la
581 3881 702 3933 necessit&
716 3901 748 3933 en
763 3888 836 3932 vertu
849 3881 926 3932 d'une
942 3881 984 3932 loi.
1008 3903 1020 3930 a

256 3972 280 4020 3.
302 3968 436 4020 Iv'oncletn.
454 3968 490 4021 cle
503 3987 553 4020 nos
566 3989 656 4023 conn..
674 3970 707 4031 ll,
725 3971 798 4039 chap.
815 3974 856 4023 20.
