2684 4896
542 350 681 401 -71-

102 489 185 584 igitur
209 487 252 556 ad
276 485 517 580 gubernandos
541 511 593 554 res
617 485 749 564 attinet,
775 486 913 557 libertos
940 516 979 559 eo
1008 503 1142 563 tontum

19 650 23 655 ·
103 623 181 701 ralet,
204 620 286 718 quia
311 619 515 713 ignorantiae
542 631 668 688 nostroe
695 620 843 715 expedit.
870 622 974 711 Quod
999 651 1080 695 vero
1103 627 1147 696 ad

102 753 349 850 cognoscendas
368 752 433 821 'alin
449 752 600 822 notanda
617 765 709 821 snnt.
729 754 757 822 Α
774 754 915 825 seientia
936 758 1030 826 enim
1046 759 1146 829 liber-

102 901 137 959 tos
163 887 374 959 reeonomieo
392 885 562 982 postulari
587 886 747 956 videtur:
772 889 832 957 nbi
856 889 1036 961 liberiores
1065 905 1147 962 sunt

99 1022 253 1102 homines
273 1021 334 1090 ubi
349 1048 403 1090 res
426 1020 636 1099 rnolriliores,
657 1021 704 1090 ibi
724 1021 848 1092 clarior
867 1024 979 1095 elucet
997 1027 1146 1122 requiro-

96 1155 226 1227 lentinm
254 1155 412 1225 mutatio.
434 1166 466 1223 et
486 1154 721 1224 constantiore
747 1156 903 1226 eminent
921 1159 1030 1254 pretia
1052 1187 1146 1229 eorn-

94 1291 228 1360 nmnio¹.
253 1290 349 1358 Dum
371 1288 466 1356 nulla
482 1288 635 1356 humana
651 1288 704 1356 lex
720 1289 831 1358 obstat
848 1291 932 1386 quin
955 1319 1007 1360 res
1029 1319 1148 1362 seeun-

87 1421 167 1493 dum
192 1450 254 1493 sua
276 1421 383 1518 pretia
409 1421 626 1500 ordinentur,
652 1422 843 1516 pretiorum
873 1424 1006 1494 t'aeilins
1029 1439 1147 1521 potent

81 1554 173 1653 leges
213 1555 398 1626 naturales
450 1554 656 1624 Libertatem
702 1557 952 1626 reconomiemn
993 1560 1148 1629 animael-

77 1692 183 1762 vertit
214 1689 413 1760 acutissime
442 1690 655 1767 (lonrnotns,
690 1689 778 1758 nihil
810 1690 904 1760 aliud
937 1719 1010 1762 esse
1041 1720 1146 1791 quarn

68 1825 337 1894 areonomienrn
364 1823 486 1891 sotum.
513 1822 589 1890 lloe
610 1834 660 1891 est
686 1850 748 1890 eur
769 1825 1015 1906 rr‘e-mmmistre,
1044 1827 1146 1897 ratio·

59 1959 217 2028 nalimn
237 1958 355 2052 legum
378 1955 518 2035 curiosi,
538 1955 619 2024 hnic
640 1956 775 2026 notioni
798 1958 1013 2030 adhereant:
1040 1987 1147 2056 quarn

56 2110 79 2150 Ι
91 2116 153 2160 ron
172 2091 280 2161 veluti
300 2090 387 2187 quid
402 2090 445 2158 nb
464 2089 676 2158 n‘eonomieo
697 2089 839 2160 seientia
854 2093 1097 2189 praescriptum
1116 2105 1148 2162 et

54 2219 371 2303 demonstratum,
410 2223 468 2291 sed
500 2223 713 2318 postulatum
748 2252 915 2320 usurpare
946 2226 1070 2296 (leeet'.
1100 2229 1147 2297 lto

55 2347 204 2429 Noster
232 2359 301 2428 hoe
331 2356 556 2425 ntilissinmm
585 2357 785 2427 discrimen.
809 2358 851 2427 nd
875 2359 968 2456 quod
994 2372 1073 2456 post
1102 2371 1149 2430 tot

56 2490 334 2589 disputationes
364 2490 508 2559 redeunt
534 2491 637 2561 hodie
661 2491 858 2588 complures
882 2493 1144 2571 zeconomistat,

52 2753 156 2819 Ἷυὸοε
169 2752 204 2801 οὺ
218 2768 282 2800 nous
296 2766 405 2799 eourons
418 2748 498 2815 grand
512 2749 597 2817 risque
609 2749 641 2799 dr
650 2768 714 2799 nous
727 2757 843 2818 tromper
857 2767 922 2820 pour
934 2750 1106 2820 l'npplication
1117 2751 1149 2802 de

59 2848 126 2889 hos
139 2839 259 2909 theories,
276 2837 300 2887 le
316 2837 372 2906 plus
391 2838 443 2890 sr'rr.
465 2856 565 2888 conrrne
585 2837 608 2888 te
623 2838 679 2907 plns
701 2838 801 2907 simple.
819 2845 856 2889 est
873 2837 904 2889 de
920 2839 1005 2890 loisser
1021 2839 1044 2889 la
1058 2847 1149 2891 nature

56 2928 142 2996 agir.
160 2948 174 2977 n
191 2927 232 2978 Gr.
252 2925 368 2978 Marelre
381 2924 430 2976 des
447 2924 537 2979 Ide'es.
554 2927 585 2981 ΙΙ,
603 2944 627 2994 p.
645 2929 706 2979 202.

118 3019 138 3068 t.
160 3018 251 3068 Rern?
267 3015 426 3071 sommaire.
453 3034 476 3082 p.
501 3017 543 3067 52.
569 3035 582 3063 α
603 3015 697 3066 Toutes
721 3015 755 3066 les
779 3015 965 3067 moditications
992 3016 1147 3068 introduites

61 3104 140 3155 dans
161 3123 207 3155 nos
231 3102 389 3154 institutions
410 3103 547 3172 politiqnes
570 3111 595 3153 et
618 3104 736 3156 civiles...
760 3111 916 3155 coneourent
935 3106 948 3154 ὲ
970 3112 1035 3155 cette
1056 3104 1149 3155 facilite'

72 3193 220 3262 d'echange
234 3210 268 3243 on
283 3194 296 3242 ir
309 3199 373 3242 cetto
396 3191 511 3243 mobilite
525 3193 702 3243 commercinle
716 3193 761 3261 qni
784 3201 885 3261 permet
899 3192 1068 3263 d'oppliquer,
1094 3212 1151 3244 sans

71 3287 136 3352 trop
151 3281 182 3333 de
198 3283 363 3350 mecomptes,
381 3299 429 3330 aux
444 3280 542 3331 realites
556 3281 587 3331 de
602 3281 625 3332 lo
640 3281 678 3331 rie
693 3281 793 3348 sociate,
810 3281 845 3332 les
861 3282 972 3332 theories
985 3282 1089 3333 sondees
1105 3300 1150 3332 sur

72 3367 103 3420 le
115 3377 172 3440 type
188 3369 253 3421 ideal
269 3369 346 3420 d'une
362 3369 476 3419 mobilite
492 3369 608 3439 pmsaite.
625 3390 638 3417 n
651 3369 693 3420 Ct.
713 3369 827 3420 Marrlre
841 3368 892 3421 des
910 3368 1001 3428 ntem,
1020 3370 1052 3425 ll.
1066 3373 1110 3422 95.

116 3463 139 3510 ⁶2.
162 3457 280 3510 Marrhe
293 3456 343 3509 des
361 3457 451 3511 lde'es.
469 3457 500 3514 ΙΙ,
520 3477 544 3526 p.
561 3461 622 3511 261,
636 3479 650 3508 <r
667 3459 714 3509 Les
730 3459 857 3527 principes
872 3459 903 3509 de
918 3458 941 3509 la
956 3458 1046 3510 liberte'¹
1059 3461 1150 3510 econo-

79 3548 167 3617 ¹niqne
180 3553 239 3598 sont
254 3546 312 3597 bien
328 3547 411 3596 moins
432 3546 476 3597 des
502 3547 645 3597 theoremes
669 3547 758 3597 e'tablis
779 3547 1013 3616 scientifiquernent
1034 3567 1085 3616 qne
1106 3548 1150 3599 des

82 3636 202 3703 postnlats
215 3636 392 3686 necessairesir
408 3635 616 3686 l'etabtissernent
633 3637 664 3686 ‹te
684 3636 707 3686 ln
723 3636 820 3686 srienee
835 3636 1012 3705 economiqne.
1029 3658 1043 3684 »
1059 3667 1094 3675 -
1106 3638 1148 3687 Cf.

88 3722 166 3779 thid..
184 3728 244 3777 262.
267 3745 280 3772 n
298 3723 332 3774 Le
355 3724 469 3793 principe
491 3725 522 3775 de
547 3725 569 3775 la
592 3725 681 3775 libem·
703 3726 904 3794 economiqne...
931 3727 994 3775 n'est
1014 3729 1026 3775 ir
1047 3726 1070 3776 le
1094 3726 1151 3776 bien

90 3813 192 3879 prendre
207 3832 257 3882 que
272 3813 295 3862 le
319 3813 432 3882 pr'nreipe
451 3813 483 3862 rte
503 3814 523 3863 la
548 3814 642 3864 t'ntatite
657 3814 824 3882 economiqne
839 3821 873 3872 et,
897 3832 962 3882 ponr
983 3821 1047 3865 cette
1070 3814 1151 3864 raison

93 3902 176 3959 meme,
192 3921 217 3952 se
231 3902 301 3971 prete
313 3920 361 3951 anx
377 3901 521 3952 conditions
533 3902 564 3952 de
580 3903 602 3952 ln
615 3903 722 3953 seience.
741 3924 754 3950 n

125 3994 148 4044 3.
170 3991 215 4044 Ex.
233 4009 293 4064 gr:
317 3991 444 4049 minin„
471 3989 595 4053 Messon,
624 3992 756 4043 Μυκη.
780 3992 865 4059 Quom
887 3992 1080 4044 conversionem
1097 3993 1151 4063 jam
