2684 4896
701 359 824 411 -5-

231 493 459 590 pretationem
512 490 689 560 adhihere.
737 489 825 578 Quae
868 501 908 558 ut
951 503 1233 585 componeretur,
1272 492 1303 560 is

232 625 457 722 reperiendus
476 625 542 695 fuit
557 632 810 694 commentator
829 667 876 676 -
900 649 974 692 rara
996 623 1073 693 avis
1097 637 1214 694 nostra
1230 625 1305 720 qui-

232 759 312 830 dem
324 770 421 829 aetate
434 803 480 811 —
496 757 661 855 quiesset
676 757 892 827 diversarum
907 756 1132 826 scientiarum
1148 758 1302 828 elemen-

234 893 275 963 tis
296 893 464 970 imbutus
492 918 530 961 ac
550 891 656 961 simul
670 890 922 987 philosophicis
941 890 1187 985 systematihus
1204 918 1302 961 eom-

233 1025 673 1122 prehendendisassuetuS,
707 1050 866 1094 necnon
895 1024 1036 1119 ingenio
1066 1024 1300 1096 ductilissimo

232 1159 411 1255 praeditus
431 1159 527 1248 Quid
541 1159 648 1254 igitur
661 1159 813 1228 dicimus
830 1161 844 1228 9
860 1159 946 1237 Nisi,
964 1159 1007 1228 ad
1023 1159 1195 1229 Cournoti
1216 1161 1296 1256 phi-

233 1293 429 1390 losophiam
455 1293 763 1390 interpretandam,
791 1295 1014 1364 Geurnotum
1048 1295 1195 1364 alterum
1225 1321 1299 1364 esse

234 1427 505 1524 exspectandum
518 1429 525 1496 t

766 1679 781 1713 ᾗ

738 1744 754 1776 *¹
792 1745 809 1778 s

286 1951 373 2040 Quae
393 1976 475 2019 cum
494 1949 541 2019 ita
555 1959 681 2028 essent,
696 1975 715 2020 a
729 1947 905 2017 Cournoti
913 1947 1135 2044 philosophia
1148 1960 1216 2018 tota
1234 1975 1303 2018 res-

238 2084 392 2155 tituenda
412 2082 620 2162 destitimus
645 2095 677 2152 et
693 2082 773 2152 satis
797 2083 985 2152 habuimus
1003 2081 1043 2150 si.
1062 2082 1136 2178 ejus
1151 2084 1303 2178 philoso-

235 2217 328 2313 phiae
338 2216 586 2295 fundamentis,
599 2216 717 2311 quoad
726 2215 960 2285 necessarium
973 2227 1073 2294 esset,
1088 2216 1253 2311 repetitis
1264 2243 1304 2286 ex

236 2350 293 2419 illa
309 2375 525 2420 sumeremus
540 2376 619 2445 quae
632 2350 676 2418 ad
691 2348 861 2446 quasdam
876 2349 1035 2418 scientias
1045 2350 1303 2420 constituendas

236 2483 438 2553 viderentur
467 2482 650 2552 utilissima
679 2509 764 2552 :eas
791 2482 901 2552 silicet
926 2509 1023 2578 quas,
1051 2497 1090 2554 ut
1115 2511 1222 2554 novas
1251 2512 1303 2555 res

237 2617 338 2686 novis
370 2617 483 2686 verhis
515 2617 765 2709 significemus,
798 2642 816 2686 a
847 2617 1074 2712 soeiologicas
1098 2644 1131 2694 i),
1164 2620 1302 2690 Comtio

237 2762 389 2831 auctore,
412 2751 653 2820 nominamus,

286 2885 437 2964 Etenim,
467 2884 636 2980 quoniam
665 2884 837 2954 hodierno
863 2884 930 2959 dic,
963 2885 1005 2954 de
1039 2886 1204 2955 methodo
1236 2915 1303 2984 qua

236 3019 305 3089 illae
316 3019 515 3088 novissimae
532 3017 683 3087 scientia
699 3018 862 3113 progredi
883 3018 1059 3097 deberent,
1079 3030 1129 3088 tot
1149 3014 1303 3116 disputa-

237 3153 350 3223 tiones
371 3154 536 3232 excitatec,
560 3164 612 3222 tot
630 3153 813 3248 opiniones
825 3153 961 3248 jactatio
978 3163 1070 3232 sunt,
1092 3153 1188 3223 haud
1201 3155 1303 3225 inane

237 3287 352 3356 risum
366 3298 417 3357 est
430 3287 620 3382 exquirere,
635 3313 709 3356 ane
724 3287 789 3356 riri
804 3299 837 3356 et
850 3287 1017 3356 doctrinae
1036 3288 1258 3369 coherentia,
1273 3301 1304 3358 ct

237 3421 424 3490 notionum
441 3420 648 3501 diversitate,
670 3432 702 3490 ct
717 3420 851 3515 ingenii
871 3421 1082 3490 flexibilitate
1100 3423 1230 3517 egregii
1244 3423 1303 3493 ali-

238 3581 306 3650 qua
317 3553 456 3623 haurire
465 3553 594 3633 liceret,
609 3553 736 3650 quibus
747 3567 917 3624 certantes
926 3555 1130 3650 philosophi
1144 3582 1182 3624 ac
1193 3556 1303 3626 histo-

240 3686 301 3756 rici
315 3687 542 3765 recouciliari,
556 3687 708 3757 scientiae
717 3700 833 3757 autem
842 3688 1132 3784 ipsaepromoveri
1144 3703 1298 3784 possent.

288 3821 431 3891 Accedit
444 3822 600 3916 eoquod,
616 3834 654 3891 ut
666 3822 836 3892 Cournoti
845 3848 967 3892 omnes
981 3823 1164 3918 opiniones
1177 3850 1302 3918 parum

242 3955 375 4028 diffusae
395 3982 479 4036 esse,
503 3955 550 4026 ita
576 3981 645 4036 eac,
673 3983 750 4057 quau
783 3957 826 4025 ad
851 3956 1054 4030 societatum
1081 3968 1244 4030 naturam
1271 3970 1302 4033 et
