<?xml version="1.0" encoding="UTF-8"?>
<!DOCTYPE html PUBLIC "-//W3C//DTD XHTML 1.0 Transitional//EN"
    "http://www.w3.org/TR/xhtml1/DTD/xhtml1-transitional.dtd">
<html xmlns="http://www.w3.org/1999/xhtml" xml:lang="en" lang="en">
 <head>
  <title>
</title>
<meta http-equiv="Content-Type" content="text/html;charset=utf-8" />
  <meta name='ocr-system' content='tesseract 3.04.00' />
  <meta name='ocr-capabilities' content='ocr_page ocr_carea ocr_par ocr_line ocrx_word'/>
</head>
<body>
  <div class='ocr_page' id='page_1' title='image "./quidecournotidi00bouggoog_0079.png"; bbox 0 0 2684 4896; ppageno 0'>
   <div class='ocr_carea' id='block_1_1' title="bbox 221 103 1287 1136">
    <p class='ocr_par' dir='ltr' id='par_1_1' title="bbox 221 103 1287 474">
     <span class='ocr_line' id='line_1_1' title="bbox 221 103 1287 207; baseline 0.001 -27"><span class='ocrx_word' id='word_1_1' title='bbox 221 111 357 207; x_wconf 91' lang='lat' dir='ltr'><strong>primus</strong></span> <span class='ocrx_word' id='word_1_2' title='bbox 376 104 578 181; x_wconf 78' lang='lat' dir='ltr'><strong>illustrarit;</strong></span> <span class='ocrx_word' id='word_1_3' title='bbox 605 115 725 198; x_wconf 89' lang='lat' dir='ltr'><strong>utpote</strong></span> <span class='ocrx_word' id='word_1_4' title='bbox 740 103 801 199; x_wconf 93' lang='lat' dir='ltr'><strong>qui</strong></span> <span class='ocrx_word' id='word_1_5' title='bbox 818 106 962 176; x_wconf 89' lang='lat' dir='ltr'><strong>concius</strong></span> <span class='ocrx_word' id='word_1_6' title='bbox 981 121 1081 186; x_wconf 84' lang='lat' dir='ltr'><strong>esset,</strong></span> <span class='ocrx_word' id='word_1_7' title='bbox 1101 109 1196 178; x_wconf 88' lang='lat' dir='ltr'><strong>haud</strong></span> <span class='ocrx_word' id='word_1_8' title='bbox 1217 113 1287 182; x_wconf 86' lang='lat' dir='ltr'><strong>sinc</strong></span> 
     </span>
     <span class='ocr_line' id='line_1_2' title="bbox 223 237 1287 341; baseline 0.001 -27"><span class='ocrx_word' id='word_1_9' title='bbox 223 241 403 341; x_wconf 87' lang='lat' dir='ltr'><strong>postulatis</strong></span> <span class='ocrx_word' id='word_1_10' title='bbox 423 238 524 309; x_wconf 87' lang='lat' dir='ltr'><strong>certis</strong></span> <span class='ocrx_word' id='word_1_11' title='bbox 547 237 727 308; x_wconf 87' lang='lat' dir='ltr'><strong>scientiam</strong></span> <span class='ocrx_word' id='word_1_12' title='bbox 748 238 856 308; x_wconf 92' lang='lat' dir='ltr'><strong>ullam</strong></span> <span class='ocrx_word' id='word_1_13' title='bbox 879 267 920 308; x_wconf 86' lang='lat' dir='ltr'><strong>cx</strong></span> <span class='ocrx_word' id='word_1_14' title='bbox 940 241 1085 312; x_wconf 86' lang='lat' dir='ltr'><strong>historia</strong></span> <span class='ocrx_word' id='word_1_15' title='bbox 1115 270 1287 341; x_wconf 81' lang='lat' dir='ltr'><strong>emergere</strong></span> 
     </span>
     <span class='ocr_line' id='line_1_3' title="bbox 223 403 335 474; baseline -0.018 -28"><span class='ocrx_word' id='word_1_16' title='bbox 223 403 335 474; x_wconf 87' lang='lat' dir='ltr'><strong>posse.</strong></span> 
     </span>
    </p>

    <p class='ocr_par' dir='ltr' id='par_1_2' title="bbox 221 506 1286 1136">
     <span class='ocr_line' id='line_1_4' title="bbox 273 506 1286 602; baseline 0.003 -24"><span class='ocrx_word' id='word_1_17' title='bbox 273 511 347 578; x_wconf 90' lang='lat' dir='ltr'><strong>lloc</strong></span> <span class='ocrx_word' id='word_1_18' title='bbox 363 508 480 602; x_wconf 81' lang='lat' dir='ltr'><strong>igitur,</strong></span> <span class='ocrx_word' id='word_1_19' title='bbox 500 506 542 575; x_wconf 86' lang='lat' dir='ltr'><strong>ad</strong></span> <span class='ocrx_word' id='word_1_20' title='bbox 558 506 810 575; x_wconf 71' lang='lat' dir='ltr'><strong>aconomicam</strong></span> <span class='ocrx_word' id='word_1_21' title='bbox 825 507 945 576; x_wconf 84' lang='lat' dir='ltr'><strong>saltem</strong></span> <span class='ocrx_word' id='word_1_22' title='bbox 967 509 1147 581; x_wconf 90' lang='lat' dir='ltr'><strong>scientiam</strong></span> <span class='ocrx_word' id='word_1_23' title='bbox 1162 513 1286 582; x_wconf 88' lang='lat' dir='ltr'><strong>consti-</strong></span> 
     </span>
     <span class='ocr_line' id='line_1_5' title="bbox 222 639 1285 738; baseline 0.002 -25"><span class='ocrx_word' id='word_1_24' title='bbox 222 642 401 721; x_wconf 79' lang='lat' dir='ltr'><strong>tuendam,</strong></span> <span class='ocrx_word' id='word_1_25' title='bbox 425 642 628 710; x_wconf 83' lang='lat' dir='ltr'><strong>Cournotus</strong></span> <span class='ocrx_word' id='word_1_26' title='bbox 648 639 881 709; x_wconf 84' lang='lat' dir='ltr'><strong>necessariora</strong></span> <span class='ocrx_word' id='word_1_27' title='bbox 896 642 1070 738; x_wconf 87' lang='lat' dir='ltr'><strong>professus</strong></span> <span class='ocrx_word' id='word_1_28' title='bbox 1090 655 1285 723; x_wconf 73' lang='lat' dir='ltr'><strong>astrorum</strong></span> 
     </span>
     <span class='ocr_line' id='line_1_6' title="bbox 222 773 1286 874; baseline 0.003 -29"><span class='ocrx_word' id='word_1_29' title='bbox 222 775 454 846; x_wconf 71' lang='lat' dir='ltr'><strong>diversitatem</strong></span> <span class='ocrx_word' id='word_1_30' title='bbox 475 773 590 868; x_wconf 87' lang='lat' dir='ltr'><strong>aliqua</strong></span> <span class='ocrx_word' id='word_1_31' title='bbox 610 798 650 842; x_wconf 85' lang='lat' dir='ltr'><strong>ex</strong></span> <span class='ocrx_word' id='word_1_32' title='bbox 671 783 765 867; x_wconf 86' lang='lat' dir='ltr'><strong>parto</strong></span> <span class='ocrx_word' id='word_1_33' title='bbox 785 776 1045 868; x_wconf 59' lang='lat' dir='ltr'><strong>praetermittere</strong></span> <span class='ocrx_word' id='word_1_34' title='bbox 1065 789 1115 856; x_wconf 85' lang='lat' dir='ltr'><strong>ut,</strong></span> <span class='ocrx_word' id='word_1_35' title='bbox 1136 804 1192 848; x_wconf 84' lang='lat' dir='ltr'><strong>eas</strong></span> <span class='ocrx_word' id='word_1_36' title='bbox 1212 805 1286 874; x_wconf 81' lang='lat' dir='ltr'><strong>quae</strong></span> 
     </span>
     <span class='ocr_line' id='line_1_7' title="bbox 221 905 1286 1004; baseline 0.002 -26"><span class='ocrx_word' id='word_1_37' title='bbox 221 920 353 1004; x_wconf 78' lang='lat' dir='ltr'><strong>regant,</strong></span> <span class='ocrx_word' id='word_1_38' title='bbox 389 907 481 1002; x_wconf 81' lang='lat' dir='ltr'><strong>leges</strong></span> <span class='ocrx_word' id='word_1_39' title='bbox 517 905 729 975; x_wconf 86' lang='lat' dir='ltr'><strong>universales</strong></span> <span class='ocrx_word' id='word_1_40' title='bbox 768 905 968 1001; x_wconf 87' lang='lat' dir='ltr'><strong>seligantur.</strong></span> <span class='ocrx_word' id='word_1_41' title='bbox 1005 912 1098 998; x_wconf 79' lang='lat' dir='ltr'><strong>Quo,</strong></span> <span class='ocrx_word' id='word_1_42' title='bbox 1132 925 1286 982; x_wconf 88' lang='lat' dir='ltr'><strong>vetorum</strong></span> 
     </span>
     <span class='ocr_line' id='line_1_8' title="bbox 222 1040 1285 1136; baseline 0.003 -24"><span class='ocrx_word' id='word_1_43' title='bbox 222 1040 528 1113; x_wconf 83' lang='lat' dir='ltr'><strong>aeoonomistarum</strong></span> <span class='ocrx_word' id='word_1_44' title='bbox 563 1066 766 1136; x_wconf 86' lang='lat' dir='ltr'><strong>quanquam</strong></span> <span class='ocrx_word' id='word_1_45' title='bbox 793 1041 907 1110; x_wconf 89' lang='lat' dir='ltr'><strong>theses</strong></span> <span class='ocrx_word' id='word_1_46' title='bbox 931 1042 1028 1112; x_wconf 91' lang='lat' dir='ltr'><strong>haud</strong></span> <span class='ocrx_word' id='word_1_47' title='bbox 1058 1045 1166 1114; x_wconf 90' lang='lat' dir='ltr'><strong>semel</strong></span> <span class='ocrx_word' id='word_1_48' title='bbox 1196 1047 1250 1115; x_wconf 87' lang='lat' dir='ltr'><strong>rel</strong></span> <span class='ocrx_word' id='word_1_49' title='bbox 1271 1089 1285 1098; x_wconf 98' lang='lat'>-</span> 
     </span>
    </p>
   </div>
   <div class='ocr_carea' id='block_1_2' title="bbox 221 1173 1286 1268">
    <p class='ocr_par' dir='ltr' id='par_1_3' title="bbox 221 1173 1286 1268">
     <span class='ocr_line' id='line_1_9' title="bbox 221 1173 1286 1268; baseline 0.001 -21"><span class='ocrx_word' id='word_1_50' title='bbox 221 1175 316 1255; x_wconf 85' lang='lat' dir='ltr'><strong>tavit,</strong></span> <span class='ocrx_word' id='word_1_51' title='bbox 339 1173 547 1244; x_wconf 88' lang='lat' dir='ltr'><strong>methodum</strong></span> <span class='ocrx_word' id='word_1_52' title='bbox 566 1174 719 1268; x_wconf 87' lang='lat' dir='ltr'><strong>quodam</strong></span> <span class='ocrx_word' id='word_1_53' title='bbox 741 1175 846 1244; x_wconf 92' lang='lat' dir='ltr'><strong>modo</strong></span> <span class='ocrx_word' id='word_1_54' title='bbox 863 1176 964 1245; x_wconf 88' lang='lat' dir='ltr'><strong>nobis</strong></span> <span class='ocrx_word' id='word_1_55' title='bbox 985 1178 1190 1247; x_wconf 88' lang='lat' dir='ltr'><strong>servandam</strong></span> <span class='ocrx_word' id='word_1_56' title='bbox 1217 1206 1286 1248; x_wconf 89' lang='lat' dir='ltr'><strong>csso</strong></span> 
     </span>
    </p>
   </div>
   <div class='ocr_carea' id='block_1_3' title="bbox 222 1307 1285 1408">
    <p class='ocr_par' dir='ltr' id='par_1_4' title="bbox 222 1307 1285 1408">
     <span class='ocr_line' id='line_1_10' title="bbox 222 1307 1285 1408; baseline 0 -28"><span class='ocrx_word' id='word_1_57' title='bbox 222 1311 448 1384; x_wconf 88' lang='lat' dir='ltr'><strong>demonstrat,</strong></span> <span class='ocrx_word' id='word_1_58' title='bbox 474 1307 670 1377; x_wconf 90' lang='lat' dir='ltr'><strong>dummodo</strong></span> <span class='ocrx_word' id='word_1_59' title='bbox 690 1308 820 1378; x_wconf 88' lang='lat' dir='ltr'><strong>conscii</strong></span> <span class='ocrx_word' id='word_1_60' title='bbox 844 1309 953 1378; x_wconf 93' lang='lat' dir='ltr'><strong>simus</strong></span> <span class='ocrx_word' id='word_1_61' title='bbox 978 1337 1033 1380; x_wconf 87' lang='lat' dir='ltr'><strong>eas</strong></span> <span class='ocrx_word' id='word_1_62' title='bbox 1057 1338 1145 1407; x_wconf 92' lang='lat' dir='ltr'><strong>quas</strong></span> <span class='ocrx_word' id='word_1_63' title='bbox 1167 1325 1285 1408; x_wconf 90' lang='lat' dir='ltr'><strong>postu-</strong></span> 
     </span>
    </p>
   </div>
   <div class='ocr_carea' id='block_1_4' title="bbox 221 1442 1313 2609">
    <p class='ocr_par' dir='ltr' id='par_1_5' title="bbox 222 1442 1285 1516">
     <span class='ocr_line' id='line_1_11' title="bbox 222 1442 1285 1516; baseline 0.003 -3"><span class='ocrx_word' id='word_1_64' title='bbox 222 1446 335 1514; x_wconf 84' lang='lat' dir='ltr'><strong>lamus</strong></span> <span class='ocrx_word' id='word_1_65' title='bbox 357 1444 400 1512; x_wconf 90' lang='lat' dir='ltr'><strong>ad</strong></span> <span class='ocrx_word' id='word_1_66' title='bbox 422 1442 662 1512; x_wconf 72' lang='lat' dir='ltr'><strong>adilicandam</strong></span> <span class='ocrx_word' id='word_1_67' title='bbox 684 1443 878 1514; x_wconf 84' lang='lat' dir='ltr'><strong>doctrinam</strong></span> <span class='ocrx_word' id='word_1_68' title='bbox 908 1446 1128 1516; x_wconf 88' lang='lat' dir='ltr'><strong>conditiones</strong></span> <span class='ocrx_word' id='word_1_69' title='bbox 1157 1447 1285 1516; x_wconf 87' lang='lat' dir='ltr'><strong>ratione</strong></span> 
     </span>
    </p>

    <p class='ocr_par' dir='ltr' id='par_1_6' title="bbox 222 1577 1289 1678">
     <span class='ocr_line' id='line_1_12' title="bbox 222 1577 1289 1678; baseline 0.002 -30"><span class='ocrx_word' id='word_1_70' title='bbox 222 1578 373 1673; x_wconf 84' lang='lat' dir='ltr'><strong>concipi,</strong></span> <span class='ocrx_word' id='word_1_71' title='bbox 392 1603 463 1646; x_wconf 90' lang='lat' dir='ltr'><strong>non</strong></span> <span class='ocrx_word' id='word_1_72' title='bbox 475 1587 653 1672; x_wconf 90' lang='lat' dir='ltr'><strong>scmperet</strong></span> <span class='ocrx_word' id='word_1_73' title='bbox 667 1577 796 1673; x_wconf 91' lang='lat' dir='ltr'><strong>ubique</strong></span> <span class='ocrx_word' id='word_1_74' title='bbox 805 1578 948 1649; x_wconf 86' lang='lat' dir='ltr'><strong>historia</strong></span> <span class='ocrx_word' id='word_1_75' title='bbox 956 1581 1123 1678; x_wconf 71' lang='lat' dir='ltr'><strong>praestari.</strong></span> <span class='ocrx_word' id='word_1_76' title='bbox 1137 1581 1289 1650; x_wconf 83' lang='lat' dir='ltr'><strong>Historia</strong></span> 
     </span>
    </p>

    <p class='ocr_par' dir='ltr' id='par_1_7' title="bbox 221 1711 1313 2609">
     <span class='ocr_line' id='line_1_13' title="bbox 222 1711 1294 1808; baseline 0.003 -29"><span class='ocrx_word' id='word_1_77' title='bbox 222 1711 363 1806; x_wconf 89' lang='lat' dir='ltr'><strong>quidem</strong></span> <span class='ocrx_word' id='word_1_78' title='bbox 394 1721 512 1803; x_wconf 83' lang='lat' dir='ltr'><strong>gentes</strong></span> <span class='ocrx_word' id='word_1_79' title='bbox 545 1721 672 1780; x_wconf 73' lang='lat' dir='ltr'><strong>nostrae</strong></span> <span class='ocrx_word' id='word_1_80' title='bbox 705 1711 814 1806; x_wconf 85' lang='lat' dir='ltr'><strong>magis</strong></span> <span class='ocrx_word' id='word_1_81' title='bbox 847 1713 1027 1808; x_wconf 83' lang='lat' dir='ltr'><strong>magisque</strong></span> <span class='ocrx_word' id='word_1_82' title='bbox 1061 1714 1294 1783; x_wconf 80' lang='lat' dir='ltr'><strong>rationalibus</strong></span> 
     </span>
     <span class='ocr_line' id='line_1_14' title="bbox 222 1844 1301 1943; baseline 0.003 -30"><span class='ocrx_word' id='word_1_83' title='bbox 222 1844 482 1914; x_wconf 85' lang='lat' dir='ltr'><strong>conditionibus</strong></span> <span class='ocrx_word' id='word_1_84' title='bbox 501 1844 803 1940; x_wconf 87' lang='lat' dir='ltr'><strong>appropinquant:</strong></span> <span class='ocrx_word' id='word_1_85' title='bbox 836 1845 893 1915; x_wconf 89' lang='lat' dir='ltr'><strong>ille</strong></span> <span class='ocrx_word' id='word_1_86' title='bbox 919 1872 1024 1942; x_wconf 88' lang='lat' dir='ltr'><strong>quem</strong></span> <span class='ocrx_word' id='word_1_87' title='bbox 1049 1847 1301 1943; x_wconf 78' lang='lat' dir='ltr'><strong>comperimus</strong></span> 
     </span>
     <span class='ocr_line' id='line_1_15' title="bbox 221 1979 1308 2075; baseline 0.002 -28"><span class='ocrx_word' id='word_1_88' title='bbox 221 2004 423 2074; x_wconf 83' lang='lat' dir='ltr'><strong>progressus</strong></span> <span class='ocrx_word' id='word_1_89' title='bbox 443 2003 512 2074; x_wconf 90' lang='lat' dir='ltr'><strong>quo</strong></span> <span class='ocrx_word' id='word_1_90' title='bbox 533 1979 734 2048; x_wconf 88' lang='lat' dir='ltr'><strong>mechanica</strong></span> <span class='ocrx_word' id='word_1_91' title='bbox 749 1979 916 2075; x_wconf 87' lang='lat' dir='ltr'><strong>paulatim</strong></span> <span class='ocrx_word' id='word_1_92' title='bbox 938 1981 975 2048; x_wconf 88' lang='lat' dir='ltr'><strong>in</strong></span> <span class='ocrx_word' id='word_1_93' title='bbox 995 1980 1114 2049; x_wconf 89' lang='lat' dir='ltr'><strong>locum</strong></span> <span class='ocrx_word' id='word_1_94' title='bbox 1128 1981 1308 2051; x_wconf 73' lang='lat' dir='ltr'><strong>vitalium</strong></span> 
     </span>
     <span class='ocr_line' id='line_1_16' title="bbox 221 2113 1311 2209; baseline 0.002 -27"><span class='ocrx_word' id='word_1_95' title='bbox 221 2113 422 2191; x_wconf 86' lang='lat' dir='ltr'><strong>succedunt,</strong></span> <span class='ocrx_word' id='word_1_96' title='bbox 446 2113 514 2182; x_wconf 91' lang='lat' dir='ltr'><strong>hoc</strong></span> <span class='ocrx_word' id='word_1_97' title='bbox 533 2137 605 2181; x_wconf 90' lang='lat' dir='ltr'><strong>uuo</strong></span> <span class='ocrx_word' id='word_1_98' title='bbox 630 2113 839 2189; x_wconf 86' lang='lat' dir='ltr'><strong>continetur,</strong></span> <span class='ocrx_word' id='word_1_99' title='bbox 860 2113 955 2209; x_wconf 92' lang='lat' dir='ltr'><strong>quod</strong></span> <span class='ocrx_word' id='word_1_100' title='bbox 974 2115 1187 2184; x_wconf 83' lang='lat' dir='ltr'><strong>aeconomica</strong></span> <span class='ocrx_word' id='word_1_101' title='bbox 1211 2142 1311 2185; x_wconf 90' lang='lat' dir='ltr'><strong>mo—</strong></span> 
     </span>
     <span class='ocr_line' id='line_1_17' title="bbox 222 2247 1313 2342; baseline 0.005 -28"><span class='ocrx_word' id='word_1_102' title='bbox 222 2257 337 2315; x_wconf 87' lang='lat' dir='ltr'><strong>ruenta</strong></span> <span class='ocrx_word' id='word_1_103' title='bbox 353 2247 463 2340; x_wconf 80' lang='lat' dir='ltr'><strong>magis</strong></span> <span class='ocrx_word' id='word_1_104' title='bbox 479 2247 657 2341; x_wconf 85' lang='lat' dir='ltr'><strong>magisque</strong></span> <span class='ocrx_word' id='word_1_105' title='bbox 668 2247 800 2317; x_wconf 76' lang='lat' dir='ltr'><strong>eaereris</strong></span> <span class='ocrx_word' id='word_1_106' title='bbox 815 2247 1031 2342; x_wconf 65' lang='lat' dir='ltr'><strong>prat-alont¹.</strong></span> <span class='ocrx_word' id='word_1_107' title='bbox 1044 2249 1125 2338; x_wconf 85' lang='lat' dir='ltr'><strong>Quo</strong></span> <span class='ocrx_word' id='word_1_108' title='bbox 1141 2251 1240 2319; x_wconf 89' lang='lat' dir='ltr'><strong>latior</strong></span> <span class='ocrx_word' id='word_1_109' title='bbox 1253 2262 1313 2319; x_wconf 79' lang='lat' dir='ltr'><strong>ct</strong></span> 
     </span>
     <span class='ocr_line' id='line_1_18' title="bbox 223 2380 1310 2461; baseline 0.003 -13"><span class='ocrx_word' id='word_1_110' title='bbox 223 2380 435 2450; x_wconf 85' lang='lat' dir='ltr'><strong>constantior</strong></span> <span class='ocrx_word' id='word_1_111' title='bbox 455 2381 493 2449; x_wconf 89' lang='lat' dir='ltr'><strong>lit</strong></span> <span class='ocrx_word' id='word_1_112' title='bbox 513 2380 626 2448; x_wconf 90' lang='lat' dir='ltr'><strong>cultus</strong></span> <span class='ocrx_word' id='word_1_113' title='bbox 647 2380 846 2461; x_wconf 88' lang='lat' dir='ltr'><strong>hominum,</strong></span> <span class='ocrx_word' id='word_1_114' title='bbox 870 2409 911 2451; x_wconf 90' lang='lat' dir='ltr'><strong>eo</strong></span> <span class='ocrx_word' id='word_1_115' title='bbox 936 2383 1062 2453; x_wconf 90' lang='lat' dir='ltr'><strong>certius</strong></span> <span class='ocrx_word' id='word_1_116' title='bbox 1083 2409 1165 2453; x_wconf 90' lang='lat' dir='ltr'><strong>cum</strong></span> <span class='ocrx_word' id='word_1_117' title='bbox 1186 2384 1310 2453; x_wconf 82' lang='lat' dir='ltr'><strong>rebus</strong></span> 
     </span>
     <span class='ocr_line' id='line_1_19' title="bbox 222 2494 972 2609; baseline 0.005 -28"><span class='ocrx_word' id='word_1_118' title='bbox 222 2514 304 2609; x_wconf 90' lang='lat' dir='ltr'><strong>ipsis</strong></span> <span class='ocrx_word' id='word_1_119' title='bbox 325 2494 547 2583; x_wconf 62' lang='lat' dir='ltr'><strong>zeconomicae</strong></span> <span class='ocrx_word' id='word_1_120' title='bbox 562 2514 727 2584; x_wconf 84' lang='lat' dir='ltr'><strong>doctrinae</strong></span> <span class='ocrx_word' id='word_1_121' title='bbox 747 2516 972 2586; x_wconf 80' lang='lat' dir='ltr'><strong>conveniunt.</strong></span> 
     </span>
    </p>
   </div>
   <div class='ocr_carea' id='block_1_5' title="bbox 271 2648 1302 2746">
    <p class='ocr_par' dir='ltr' id='par_1_8' title="bbox 271 2648 1302 2746">
     <span class='ocr_line' id='line_1_20' title="bbox 271 2648 1302 2746; baseline 0.001 -30"><span class='ocrx_word' id='word_1_122' title='bbox 271 2648 457 2743; x_wconf 80' lang='lat' dir='ltr'><strong>Nunquam</strong></span> <span class='ocrx_word' id='word_1_123' title='bbox 484 2659 600 2717; x_wconf 88' lang='lat' dir='ltr'><strong>tamcu</strong></span> <span class='ocrx_word' id='word_1_124' title='bbox 631 2649 818 2744; x_wconf 83' lang='lat' dir='ltr'><strong>perfectam</strong></span> <span class='ocrx_word' id='word_1_125' title='bbox 850 2663 951 2746; x_wconf 89' lang='lat' dir='ltr'><strong>atquc</strong></span> <span class='ocrx_word' id='word_1_126' title='bbox 983 2651 1177 2722; x_wconf 87' lang='lat' dir='ltr'><strong>absolutam</strong></span> <span class='ocrx_word' id='word_1_127' title='bbox 1210 2676 1302 2721; x_wconf 86' lang='lat' dir='ltr'><strong>earn</strong></span> 
     </span>
    </p>
   </div>
   <div class='ocr_carea' id='block_1_6' title="bbox 218 2905 1340 3673">
    <p class='ocr_par' dir='ltr' id='par_1_9' title="bbox 220 2905 1293 3069">
     <span class='ocr_line' id='line_1_21' title="bbox 220 2905 1293 2978; baseline 0.005 -21"><span class='ocrx_word' id='word_1_128' title='bbox 220 2905 453 2958; x_wconf 83' lang='lat' dir='ltr'><strong>demonstravimus</strong></span> <span class='ocrx_word' id='word_1_129' title='bbox 468 2905 493 2955; x_wconf 90' lang='lat' dir='ltr'><strong>iu</strong></span> <span class='ocrx_word' id='word_1_130' title='bbox 509 2912 598 2957; x_wconf 86' lang='lat' dir='ltr'><strong>nostro</strong></span> <span class='ocrx_word' id='word_1_131' title='bbox 611 2905 694 2956; x_wconf 87' lang='lat' dir='ltr'><strong>libro:</strong></span> <span class='ocrx_word' id='word_1_132' title='bbox 713 2909 768 2958; x_wconf 85' lang='lat' dir='ltr'><strong>Des</strong></span> <span class='ocrx_word' id='word_1_133' title='bbox 783 2907 907 2959; x_wconf 73' lang='lat' dir='ltr'><strong>screares</strong></span> <span class='ocrx_word' id='word_1_134' title='bbox 923 2906 1044 2960; x_wconf 80' lang='lat' dir='ltr'><strong>sociates</strong></span> <span class='ocrx_word' id='word_1_135' title='bbox 1060 2926 1093 2960; x_wconf 83' lang='lat' dir='ltr'><strong>ca</strong></span> <span class='ocrx_word' id='word_1_136' title='bbox 1110 2907 1293 2978; x_wconf 76' lang='lat' dir='ltr'><strong>Allcurugm’.</strong></span> 
     </span>
     <span class='ocr_line' id='line_1_22' title="bbox 222 2997 1140 3069; baseline -0.004 -21"><span class='ocrx_word' id='word_1_137' title='bbox 222 2997 262 3048; x_wconf 83' lang='lat' dir='ltr'><strong>uh.</strong></span> <span class='ocrx_word' id='word_1_138' title='bbox 280 3013 321 3046; x_wconf 85' lang='lat'>111.</span> <span class='ocrx_word' id='word_1_139' title='bbox 1137 3064 1140 3069; x_wconf 23' lang='grc' dir='ltr'>Ι</span> 
     </span>
    </p>

    <p class='ocr_par' dir='ltr' id='par_1_10' title="bbox 218 3082 1340 3673">
     <span class='ocr_line' id='line_1_23' title="bbox 258 3082 1288 3156; baseline 0.001 -20"><span class='ocrx_word' id='word_1_140' title='bbox 258 3088 282 3136; x_wconf 91' lang='lat' dir='ltr'><strong>l.</strong></span> <span class='ocrx_word' id='word_1_141' title='bbox 304 3084 452 3156; x_wconf 69' lang='lat' dir='ltr'><strong>Principes</strong></span> <span class='ocrx_word' id='word_1_142' title='bbox 465 3082 501 3135; x_wconf 85' lang='lat' dir='ltr'><strong>de</strong></span> <span class='ocrx_word' id='word_1_143' title='bbox 517 3084 545 3136; x_wconf 82' lang='lat' dir='ltr'><strong>la</strong></span> <span class='ocrx_word' id='word_1_144' title='bbox 566 3083 678 3136; x_wconf 77' lang='lat' dir='ltr'><strong>rades</strong></span> <span class='ocrx_word' id='word_1_145' title='bbox 699 3085 791 3143; x_wconf 56' lang='lat' dir='ltr'><strong>laet..</strong></span> <span class='ocrx_word' id='word_1_146' title='bbox 807 3107 832 3156; x_wconf 88' lang='lat' dir='ltr'><strong>p.</strong></span> <span class='ocrx_word' id='word_1_147' title='bbox 856 3087 899 3137; x_wconf 74' lang='lat'><strong>29.</strong></span> <span class='ocrx_word' id='word_1_148' title='bbox 917 3107 930 3135; x_wconf 78' lang='lat' dir='ltr'><strong>a</strong></span> <span class='ocrx_word' id='word_1_149' title='bbox 952 3087 1036 3138; x_wconf 76' lang='lat' dir='ltr'><strong>L&#39;idee</strong></span> <span class='ocrx_word' id='word_1_150' title='bbox 1053 3088 1132 3139; x_wconf 84' lang='lat' dir='ltr'><strong>d&#39;unc</strong></span> <span class='ocrx_word' id='word_1_151' title='bbox 1146 3087 1227 3139; x_wconf 75' lang='lat' dir='ltr'><strong>utilito&#39;¹</strong></span> <span class='ocrx_word' id='word_1_152' title='bbox 1240 3104 1288 3137; x_wconf 91' lang='lat' dir='ltr'><strong>so·</strong></span> 
     </span>
     <span class='ocr_line' id='line_1_24' title="bbox 220 3173 1284 3247; baseline 0 -21"><span class='ocrx_word' id='word_1_153' title='bbox 220 3175 290 3232; x_wconf 87' lang='lat' dir='ltr'><strong>ciale,</strong></span> <span class='ocrx_word' id='word_1_154' title='bbox 307 3173 384 3224; x_wconf 83' lang='lat' dir='ltr'><strong>d&#39;uuc</strong></span> <span class='ocrx_word' id='word_1_155' title='bbox 400 3175 532 3225; x_wconf 79' lang='lat' dir='ltr'><strong>dconomie</strong></span> <span class='ocrx_word' id='word_1_156' title='bbox 551 3174 642 3225; x_wconf 81' lang='lat' dir='ltr'><strong>sociale</strong></span> <span class='ocrx_word' id='word_1_157' title='bbox 664 3177 779 3245; x_wconf 83' lang='lat' dir='ltr'><strong>apparalt</strong></span> <span class='ocrx_word' id='word_1_158' title='bbox 793 3177 854 3245; x_wconf 87' lang='lat' dir='ltr'><strong>(par</strong></span> <span class='ocrx_word' id='word_1_159' title='bbox 872 3176 894 3226; x_wconf 82' lang='lat' dir='ltr'><strong>le</strong></span> <span class='ocrx_word' id='word_1_160' title='bbox 909 3176 1124 3247; x_wconf 76' lang='lat' dir='ltr'><strong>developpement</strong></span> <span class='ocrx_word' id='word_1_161' title='bbox 1145 3177 1284 3230; x_wconf 74' lang='lat' dir='ltr'><strong>mercedes</strong></span> 
     </span>
     <span class='ocr_line' id='line_1_25' title="bbox 220 3263 1280 3335; baseline -0.001 -21"><span class='ocrx_word' id='word_1_162' title='bbox 220 3263 374 3334; x_wconf 87' lang='lat' dir='ltr'><strong>peuplcs)et</strong></span> <span class='ocrx_word' id='word_1_163' title='bbox 388 3264 475 3314; x_wconf 76' lang='lat' dir='ltr'><strong>tenda</strong></span> <span class='ocrx_word' id='word_1_164' title='bbox 496 3281 520 3313; x_wconf 81' lang='lat' dir='ltr'><strong>se</strong></span> <span class='ocrx_word' id='word_1_165' title='bbox 536 3263 714 3314; x_wconf 86' lang='lat' dir='ltr'><strong>subordonncr</strong></span> <span class='ocrx_word' id='word_1_166' title='bbox 737 3265 771 3314; x_wconf 87' lang='lat' dir='ltr'><strong>les</strong></span> <span class='ocrx_word' id='word_1_167' title='bbox 796 3265 957 3315; x_wconf 82' lang='lat' dir='ltr'><strong>institutions</strong></span> <span class='ocrx_word' id='word_1_168' title='bbox 978 3266 1011 3335; x_wconf 76' lang='grc' dir='ltr'><strong>(Ιμ</strong></span> <span class='ocrx_word' id='word_1_169' title='bbox 1029 3265 1098 3318; x_wconf 91' lang='lat' dir='ltr'><strong>droit</strong></span> <span class='ocrx_word' id='word_1_170' title='bbox 1121 3267 1179 3318; x_wconf 87' lang='lat' dir='ltr'><strong>civil</strong></span> <span class='ocrx_word' id='word_1_171' title='bbox 1201 3273 1224 3318; x_wconf 85' lang='lat' dir='ltr'><strong>et</strong></span> <span class='ocrx_word' id='word_1_172' title='bbox 1248 3265 1280 3315; x_wconf 90' lang='lat' dir='ltr'><strong>lcs</strong></span> 
     </span>
     <span class='ocr_line' id='line_1_26' title="bbox 218 3352 1339 3422; baseline -0.002 -18"><span class='ocrx_word' id='word_1_173' title='bbox 218 3353 377 3404; x_wconf 86' lang='lat' dir='ltr'><strong>institutions</strong></span> <span class='ocrx_word' id='word_1_174' title='bbox 392 3352 537 3421; x_wconf 84' lang='lat' dir='ltr'><strong>poliliques.</strong></span> <span class='ocrx_word' id='word_1_175' title='bbox 553 3372 566 3400; x_wconf 78' lang='lat' dir='ltr'><strong>u</strong></span> <span class='ocrx_word' id='word_1_176' title='bbox 578 3352 619 3404; x_wconf 83' lang='lat' dir='ltr'><strong>Cl&#39;.</strong></span> <span class='ocrx_word' id='word_1_177' title='bbox 638 3354 728 3404; x_wconf 78' lang='lat' dir='ltr'><strong>lleruc</strong></span> <span class='ocrx_word' id='word_1_178' title='bbox 743 3355 902 3412; x_wconf 83' lang='lat' dir='ltr'><strong>sonmraire,</strong></span> <span class='ocrx_word' id='word_1_179' title='bbox 916 3374 941 3422; x_wconf 89' lang='lat' dir='ltr'><strong>p.</strong></span> <span class='ocrx_word' id='word_1_180' title='bbox 954 3357 1013 3408; x_wconf 70' lang='lat'><strong>264.</strong></span> <span class='ocrx_word' id='word_1_181' title='bbox 1028 3376 1041 3404; x_wconf 71' lang='grc' dir='ltr'><strong>(ι</strong></span> <span class='ocrx_word' id='word_1_182' title='bbox 1054 3355 1101 3406; x_wconf 85' lang='lat' dir='ltr'><strong>Lcs</strong></span> <span class='ocrx_word' id='word_1_183' title='bbox 1115 3357 1216 3407; x_wconf 73' lang='lat' dir='ltr'><strong>societds</strong></span> <span class='ocrx_word' id='word_1_184' title='bbox 1229 3356 1275 3406; x_wconf 86' lang='lat' dir='ltr'><strong>lru·</strong></span> <span class='ocrx_word' id='word_1_185' title='bbox 1336 3410 1339 3415; x_wconf 69' lang='lat'><em>,</em></span> 
     </span>
     <span class='ocr_line' id='line_1_27' title="bbox 219 3439 1273 3514; baseline -0.002 -21"><span class='ocrx_word' id='word_1_186' title='bbox 219 3442 348 3494; x_wconf 79' lang='lat' dir='ltr'><strong>moines...</strong></span> <span class='ocrx_word' id='word_1_187' title='bbox 365 3448 411 3492; x_wconf 90' lang='lat' dir='ltr'><strong>ont</strong></span> <span class='ocrx_word' id='word_1_188' title='bbox 425 3459 456 3492; x_wconf 89' lang='lat' dir='ltr'><strong>en</strong></span> <span class='ocrx_word' id='word_1_189' title='bbox 469 3441 525 3510; x_wconf 93' lang='lat' dir='ltr'><strong>plus</strong></span> <span class='ocrx_word' id='word_1_190' title='bbox 538 3441 634 3510; x_wconf 81' lang='lat' dir='ltr'><strong>grande</strong></span> <span class='ocrx_word' id='word_1_191' title='bbox 647 3442 727 3510; x_wconf 86' lang='lat' dir='ltr'><strong>partie</strong></span> <span class='ocrx_word' id='word_1_192' title='bbox 742 3441 870 3512; x_wconf 71' lang='lat' dir='ltr'><strong>ddpouillo</strong></span> <span class='ocrx_word' id='word_1_193' title='bbox 886 3443 921 3493; x_wconf 88' lang='lat' dir='ltr'><strong>les</strong></span> <span class='ocrx_word' id='word_1_194' title='bbox 929 3447 1067 3496; x_wconf 75' lang='lat' dir='ltr'><strong>caracteres</strong></span> <span class='ocrx_word' id='word_1_195' title='bbox 1076 3444 1108 3496; x_wconf 86' lang='lat' dir='ltr'><strong>de</strong></span> <span class='ocrx_word' id='word_1_196' title='bbox 1123 3439 1273 3514; x_wconf 64' lang='lat' dir='ltr'><strong>l&#39;orguuisme</strong></span> 
     </span>
     <span class='ocr_line' id='line_1_28' title="bbox 220 3527 1340 3605; baseline 0.001 -26"><span class='ocrx_word' id='word_1_197' title='bbox 220 3530 314 3589; x_wconf 83' lang='lat' dir='ltr'><strong>vivant,</strong></span> <span class='ocrx_word' id='word_1_198' title='bbox 329 3529 487 3599; x_wconf 85' lang='lat' dir='ltr'><strong>lorsqu&#39;clles</strong></span> <span class='ocrx_word' id='word_1_199' title='bbox 505 3537 563 3581; x_wconf 84' lang='lat' dir='ltr'><strong>sont</strong></span> <span class='ocrx_word' id='word_1_200' title='bbox 581 3529 691 3581; x_wconf 78' lang='lat' dir='ltr'><strong>arrivdcs</strong></span> <span class='ocrx_word' id='word_1_201' title='bbox 705 3548 755 3580; x_wconf 85' lang='lat' dir='ltr'><strong>aux</strong></span> <span class='ocrx_word' id='word_1_202' title='bbox 770 3530 859 3603; x_wconf 73' lang='lat' dir='ltr'><strong>phanes</strong></span> <span class='ocrx_word' id='word_1_203' title='bbox 883 3531 945 3583; x_wconf 86' lang='lat' dir='ltr'><strong>dans</strong></span> <span class='ocrx_word' id='word_1_204' title='bbox 964 3527 1269 3605; x_wconf 52' lang='lat' dir='ltr'><strong>lesquelles&#39;l’economistc</strong></span> <span class='ocrx_word' id='word_1_205' title='bbox 1329 3549 1340 3599; x_wconf 58' lang='lat' dir='ltr'><strong>q</strong></span> 
     </span>
     <span class='ocr_line' id='line_1_29' title="bbox 220 3619 439 3673; baseline -0.014 -1"><span class='ocrx_word' id='word_1_206' title='bbox 220 3619 256 3672; x_wconf 90' lang='lat' dir='ltr'><strong>les</strong></span> <span class='ocrx_word' id='word_1_207' title='bbox 269 3619 409 3673; x_wconf 65' lang='lat' dir='ltr'><strong>considere.</strong></span> <span class='ocrx_word' id='word_1_208' title='bbox 425 3640 439 3669; x_wconf 75' lang='lat' dir='ltr'><strong>a</strong></span> 
     </span>
    </p>
   </div>
   <div class='ocr_carea' id='block_1_7' title="bbox 0 0 1346 4896">
    <p class='ocr_par' dir='ltr' id='par_1_11' title="bbox 0 0 1346 4896">
     <span class='ocr_line' id='line_1_30' title="bbox 0 0 1346 4896; baseline 0 0"><span class='ocrx_word' id='word_1_209' title='bbox 0 0 1346 4896; x_wconf 95' lang='lat' dir='ltr'><strong> </strong></span> 
     </span>
    </p>
   </div>
  </div>
 </body>
</html>
