2684 4896
518 358 660 410 „17-

50 514 169 585 noque
197 489 410 559 cohaerentia
437 502 471 559 et
499 515 572 560 sese
609 489 761 559 invicem
793 487 1043 584 perturbantis.
1071 487 1123 558 Ex

50 647 124 719 quo
143 621 444 692 videturmundus
459 623 558 719 quasi
573 650 591 693 e
607 623 744 693 duobus
757 621 900 691 mundis
912 621 1122 692 constitutus

52 767 126 825 tam
155 755 302 824 diversis
329 767 369 826 ut
388 782 445 826 eos
474 783 537 825 suo
557 783 733 853 quemquo
748 757 893 835 nominc
920 755 1124 824 Cournotus

52 888 237 981 designare
252 888 356 960 velit:
377 914 396 960 ((
413 891 550 959 Natura
567 916 585 961 b
604 891 814 960 immutabili
831 890 997 960 mobilem
1018 914 1125 984 oppo-

53 1023 107 1092 nit
127 1027 252 1114 Κόσμον
263 1025 287 1092 ¹.

71 1183 75 1192 ’
106 1157 291 1246 Quantum
307 1157 344 1226 in
361 1170 432 1228 toto
453 1158 588 1228 mundo
609 1159 718 1228 valeat
737 1159 806 1228 hoc
827 1158 1015 1254 imperium
1040 1156 1126 1224 For·
1151 1170 1158 1179 ‘

55 1302 153 1360 tunae
168 1291 268 1361 valde
284 1292 508 1363 manifestum
523 1294 586 1362 erit
599 1293 888 1363 animadvertenti
903 1290 1037 1361 nullam
1052 1316 1126 1360 esso

58 1423 256 1503 scientiam,
279 1468 327 1477 -
343 1426 596 1495 mathematicis
612 1426 775 1521 exceptis,
794 1469 840 1478 —
855 1425 941 1521 quin
956 1424 1072 1520 aliqua
1086 1450 1128 1493 ex
1216 1425 1218 1429 ’

57 1569 156 1653 parte
172 1557 216 1626 sit
230 1583 249 1628 e<
266 1559 502 1653 cosmologica
518 1585 551 1629 )).
570 1560 648 1628 Non
669 1585 786 1628 rerum
804 1559 1038 1628 humanarum
1054 1571 1129 1627 tan-

58 1702 136 1758 tum
169 1689 231 1760 sed
269 1691 374 1762 ctiam
416 1692 627 1762 naturalium
662 1692 806 1762 historia
834 1703 885 1760 est
913 1718 919 1758 :
943 1703 994 1760 est
1017 1692 1130 1759 AEtnae

58 1849 159 1919 aeque
174 1824 344 1894 acRomae
356 1824 378 1894 ².
392 1825 637 1895 Animantium
653 1851 725 1894 non
742 1824 856 1893 solum
868 1823 1126 1901 collocationes,

60 1956 120 2026 sed
148 1957 254 2027 etiam
275 1958 406 2054 species
421 1957 504 2054 ipsae
520 1958 754 2027 describendae
770 1957 885 2052 potius
905 1983 1010 2052 quam
1026 1956 1132 2025 dedu-

59 2088 182 2159 cendae
203 2102 297 2159 sunt.
317 2091 447 2160 Confer
461 2092 542 2160 istas
557 2091 813 2187 propositiones
831 2117 839 2158 :
859 2090 1017 2161 «Omnis
1032 2088 1131 2157 lluidi

60 2222 172 2314 globi,
191 2222 277 2291 dum
291 2223 448 2303 vertitur,
466 2224 538 2318 poli
553 2224 844 2319 complanantur³
865 2248 898 2292 )).
920 2248 938 2293 ((
959 2223 1131 2292 Omnium

61 2355 274 2426 animalium
301 2383 379 2450 quae
405 2356 492 2425 lactc
525 2357 666 2426 aluntur
687 2368 819 2451 septem
843 2367 925 2424 sunt
951 2355 1133 2424 cervicales

61 2488 253 2558 vertebras*
288 2514 322 2559 )).
360 2490 497 2578 Quibus
530 2490 751 2586 juxtapositis
788 2488 994 2582 intelligitur
1026 2499 1141 2584 quan-'

64 2632 174 2690 tuma
190 2622 266 2716 lege
280 2622 469 2691 universali
485 2649 563 2717 quai
576 2622 640 2690 sub
656 2622 768 2717 specie
783 2621 983 2691 aeternitatis
997 2621 1133 2716 concipi

63 2767 193 2851 potest,
216 2753 345 2824 distent
366 2780 384 2825 «
405 2755 493 2824 sacta
509 2780 526 2824 a
544 2781 621 2850 quar
637 2754 751 2823 solum
765 2754 896 2850 percipi
912 2765 1071 2850 possunt.
1089 2755 1135 2822 At

64 2913 110 2956 ne
144 2886 265 2956 credas
284 2886 328 2956 ab
348 2886 416 2955 illis
444 2886 608 2962 scientiis,
641 2886 768 2981 quibus
796 2886 889 2980 leges
916 2885 1128 2965 conduntur,

65 3018 159 3088 nihil
182 3045 341 3114 unquam
363 3019 507 3115 percipi.
533 3018 710 3087 Ncwtonis
733 3018 906 3113 discipulo
928 3044 1000 3087 non
1021 3018 1136 3087 solum

66 3163 215 3222 cometae
230 3151 457 3222 observandae
478 3163 559 3220 sunt
586 3151 714 3246 quibus
733 3164 934 3221 nostrorum
964 3165 1137 3222 astrorum

67 3312 193 3356 cursus
218 3285 413 3381 perturbari
439 3285 672 3380 possint,·sed
694 3285 809 3364 etiam,
843 3286 884 3354 ab
906 3285 1021 3365 initi0‚
1050 3297 1140 3356 certa

107 3635 133 3682 1.
154 3629 291 3683 Fotidem.
315 3628 351 3682 de
374 3648 425 3682 nos
442 3647 534 3689 rouo,
556 3629 589 3688 ll,
612 3649 637 3699 p.
660 3631 720 3682 267.
746 3659 781 3668 —
803 3629 1018 3688 Materialismc,
1044 3650 1068 3699 p.
1097 3633 1141 3690 69,

70 3723 135 3774 127.

108 3811 134 3860 2.
158 3807 294 3860 Fundam.
312 3806 412 3859 deiros
428 3824 520 3864 corin„
536 3807 569 3861 ll.
586 3826 611 3876 p.
630 3809 689 3858 159.

108 3901 134 3948 3.
158 3895 378 3954 Materialisme,
396 3915 421 3965 p.
438 3899 482 3948 67.

110 3989 135 4038 4.
159 3985 301 4037 Euchaita.
319 3983 370 4036 des
384 3983 477 4039 Idccs,
492 3984 524 4035 ll.
542 4003 566 4053 p,
584 3986 644 4036 :tto

222 4091 344 4142 Borcmssx.
