2684 4896
526 360 666 412 ..15-

62 490 332 587 explicationem
371 492 539 562 irrrenire.
585 494 696 589 Cujus
741 519 843 590 opera
879 494 982 563 series
1019 493 1132 590 primo

62 637 206 720 aspectu
219 625 364 695 diversas
379 652 418 695 ao
438 638 601 721 separata.¹
622 627 712 696 inter
727 652 761 695 sc
777 639 1034 697 connectuntur
1049 639 1081 696 et
1096 627 1132 695 in

61 758 208 855 aliquod
227 771 403 853 coguntur
430 772 593 853 sp‘stema.
628 760 733 848 Quod
753 761 781 828 si
801 773 946 829 eventus
973 786 1045 829 non
1067 786 1134 829 res·

60 891 214 987 pieimus
243 903 282 961 ut
313 891 360 961 ita
379 891 493 961 dicam
523 904 694 970 externos,
722 893 849 988 quibus
874 894 1003 962 horum
1029 906 1133 987 syste-

47 1030 198 1094 matum
214 1025 360 1095 interior
379 1025 553 1095 ordinatio
568 1026 760 1121 perturbari
776 1026 899 1121 possit,
923 1052 1040 1094 renim
1060 1052 1134 1121 pcr-

63 1159 713 1228 manentesconvenientiasenuntiare
729 1159 820 1237 licet,
838 1186 988 1255 quarum
1004 1158 1132 1228 auxilio

62 1292 299 1387 phaenomena
325 1318 397 1361 non
423 1293 531 1361 modo
554 1304 731 1387 comperta
757 1293 816 1361 sed
835 1292 1057 1388 interpretata
1077 1293 1134 1362 lra-

63 1424 221 1503 beamus‚
241 1451 408 1522 quasque,
428 1451 500 1494 non
517 1425 624 1494 modo
640 1425 857 1505 constantim,
872 1426 930 1495 sed
941 1426 1133 1521 praesertim

63 1559 296 1655 simplicitatis
327 1585 429 1629 causa
452 1571 491 1628 ut
514 1558 686 1630 naturales
711 1559 803 1654 leges
828 1559 1002 1655 suspicere
1024 1560 1134 1655 possi-

62 1719 154 1761 mus,
185 1692 243 1762 Sic
269 1718 343 1761 non
363 1692 619 1763 mathematica.
644 1692 771 1772 solum,
795 1693 855 1762 sed
873 1705 906 1762 et
930 1693 1082 1788 physica}
1101 1706 1134 1762 et

62 1824 224 1894 clrimicae
240 1824 392 1894 scientiae
408 1824 643 1894 immutabiles
664 1851 780 1893 rernm
794 1824 1020 1920 proprietates
1040 1825 1133 1894 dcte·

63 1961 264 2036 xerunt¹,e
296 1957 425 2054 quibus
457 1959 636 2027 observata
664 1959 897 2053 pharnomena
931 1957 1134 2052 simpliciter

62 2090 235 2160 deducere
254 2091 384 2162 liceret.
421 2091 587 2185 Cognitio
618 2118 724 2186 quam
752 2091 905 2160 scientim
936 2091 984 2160 sic
1006 2103 1132 2186 paratae

64 2223 166 2293 nobis
181 2236 347 2320 praestant
361 2236 412 2294 est
424 2235 633 2294 aeternarum
648 2236 781 2294 naturae
797 2224 914 2319 legum
930 2223 1102 2320 possessio
1122 2251 1128 2291 :

64 2384 134 2454 qua
153 2357 190 2426 in
212 2358 386 2427 mundum
401 2357 602 2426 inducimur
616 2357 859 2452 perenniorem
879 2383 957 2426 rere.

114 2491 189 2559 Hac
209 2503 326 2561 autem
353 2491 574 2586 possessione
594 2491 729 2586 quoties
751 2490 1003 2586 prohibemur!
1034 2491 1131 2580 Quot

63 2622 296 2718 phaenomena
311 2624 504 2719 comperire
515 2635 651 2693 tantum
666 2649 866 2719 possumus,
882 2649 1005 2693 noncx
1017 2622 1132 2719 aliqua

62 2768 289 2851 permanente
305 2757 513 2852 proprietate
526 2757 697 2826 deducere
714 2757 721 2824 l
740 2757 901 2844 Quorum
917 2756 945 2824 si
962 2756 1131 2826 rationem

62 2888 207 2958 reddere
234 2889 410 2968 volumus,
434 2917 510 2960 eam
531 2916 636 2958 none
657 2889 730 2983 lege
746 2901 872 2959 retenta
892 2890 952 2959 sed
976 2914 994 2958 e
1016 2889 1131 2984 priore

62 3021 183 3118 aliquo
199 3034 324 3092 evento
340 3049 476 3092 sumere
495 3023 587 3102 licet,
611 3023 710 3119 cujus
731 3023 901 3092 rationem
915 3023 1011 3119 prius
1028 3047 1132 3092 eren-

63 3167 140 3224 tum
165 3154 291 3234 reddit,
321 3168 354 3225 ct
375 3157 424 3224 sic
445 3156 480 3224 in
500 3156 692 3226 inlinitum.
719 3156 770 3225 Ex
789 3155 894 3251 hujus
919 3155 1016 3225 modi
1045 3154 1131 3223 serie

63 3299 96 3356 et
113 3300 281 3384 tanquam
296 3301 417 3360 catena
437 3289 464 3358 si
486 3291 563 3386 quis
579 3290 704 3360 anulus
720 3315 781 3385 per
794 3288 1008 3358 oblivionem
1023 3288 1130 3358 inter-

98 3621 124 3670 ⁴1.
147 3616 284 3670 Fondem.
301 3617 337 3670 dc
352 3635 403 3670 nos
418 3636 508 3675 cona,
526 3637 551 3687 p.
570 3620 635 3670 193:
654 3639 668 3667 «
688 3617 770 3669 Telles
783 3625 840 3668 sont
852 3618 875 3669 la
890 3617 984 3669 chimie
999 3624 1024 3668 et
1036 3617 1059 3668 la
1069 3616 1133 3686 phy·

61 3710 136 3779 sique
151 3714 319 3777 proprement
334 3707 386 3758 dite
398 3707 442 3776 qui
458 3707 563 3758 traitent
581 3707 613 3758 de
637 3707 684 3758 lois
698 3726 748 3776 que
773 3726 836 3758 nous
851 3707 1015 3758 considerans
1033 3724 1133 3757 comme

60 3795 229 3853 immnables.
243 3795 310 3846 etde
324 3796 466 3865 propridtes
480 3814 531 3864 quc
544 3814 609 3846 nous
625 3814 766 3866 supposons
784 3796 856 3847 avoir
875 3796 991 3864 tonjonrs
1005 3797 1045 3846 etc'·
1060 3795 1133 3845 inlid-

61 3893 150 3938 rentes
165 3887 180 3935 'a
195 3885 217 3935 la
232 3885 346 3938 matilre.
365 3905 378 3934 >r
396 3915 429 3922 -
445 3884 486 3934 (ll.
512 3883 646 3936 lirnlmr‘n.
669 3884 719 3936 des
737 3883 818 3935 ldecs
833 3883 1074 3952 fonderncntales,
1098 3883 1131 3942 tl,

60 3996 86 4047 p.
107 3977 172 4028 are.
