2858 5090
770 452 912 502 -30-

310 585 364 654 Ab
393 583 579 652 hominum
607 595 698 652 eoetu
718 582 843 678 accipit
869 583 1018 680 quisquc
1046 609 1117 652 non
1161 583 1268 652 morlo
1296 609 1361 652 cor-

310 718 416 815 poris⁷
459 717 519 787 sed
556 716 661 786 etiam
698 728 731 784 et
762 715 958 786 intellectus
982 715 1115 786 eibum.
1147 717 1251 806 Quod
1285 716 1363 787 tanti

310 852 410 948 pretii
425 852 551 920 Noster
566 876 639 920 esse
655 849 827 919 existimat
853 863 892 920 ut
915 850 1009 930 inde,
1034 877 1140 946 quam
1159 863 1278 946 postca
1301 851 1365 946 ple-

312 985 409 1080 rique
418 984 478 1080 qui
487 984 529 1053 de
544 984 647 1053 rebus
663 995 896 1053 tractaverunt
908 983 1061 1080 politicis
1074 984 1362 1060 desideraverunt,

311 1120 467 1190 methodi
482 1119 749 1189 conversionem
765 1119 879 1190 ducat.
902 1121 987 1189 Jnre
1008 1133 1202 1217 praemonet
1222 1119 1319 1191 Plato
1334 1134 1365 1190 ut

310 1254 562 1350 rempublicam
577 1253 732 1350 primum
752 1278 1007 1346 cognoscamus
1030 1253 1058 1322 si
1078 1255 1261 1324 hominem
1290 1255 1366 1324 reli-

312 1415 390 1458 mus
405 1414 625 1483 cognoscere.
646 1387 717 1476 Qui
731 1387 888 1458 idearum
916 1400 1116 1457 nostrarum
1139 1415 1236 1458 veras
1255 1415 1366 1458 causas
1415 1473 1416 1486 ἒ

310 1522 468 1617 detegere
497 1521 590 1601 velit,
623 1521 800 1591 societates
827 1521 997 1617 primum,
1026 1547 1110 1601 nou,
1147 1533 1186 1591 ut
1213 1523 1365 1592 Comtius
1415 1497 1416 1544 t

310 1668 439 1735 censet,
477 1655 633 1750 singulos
667 1655 829 1724 homines
858 1681 1066 1750 cognoscere
1104 1655 1242 1725 debet&
1280 1657 1366 1726 Inter

311 1817 431 1860 meum
450 1790 631 1859 cerebrum
661 1801 694 1859 et
719 1788 902 1885 opiniones
929 1815 1023 1859 meas
1046 1789 1245 1860 societatem
1275 1791 1366 1887 quasi

311 1950 330 1995 «
352 1924 590 1993 mediatricem
614 1949 632 1994 u
654 1923 989 1992 iuteressevidemus
1003 1923 1025 2003 ⁹,
1049 1924 1148 2019 cujus
1176 1951 1258 1993 cura
1274 1937 1364 1994 natu·
1416 1977 1417 2004 p

309 2057 395 2126 ralas
412 2083 498 2126 meae
514 2056 691 2125 facultates
704 2068 738 2124 et
753 2056 960 2126 sollertiores
970 2058 1101 2126 liuntet
1111 2057 1362 2153 locupletiores.

309 2190 360 2259 Ex
375 2190 429 2258 his
445 2215 524 2284 quaa
546 2188 583 2256 in
595 2188 760 2258 institutis
774 2189 1013 2259 monumentis
1029 2189 1196 2286 librisque
1206 2191 1250 2260 ab
1263 2191 1367 2260 homi-

310 2349 397 2395 num
417 2321 664 2418 conjunctione
692 2322 780 2391 mibi
800 2335 996 2418 comparata
1016 2335 1109 2403 sunt,
1126 2323 1262 2394 facilius
1289 2324 1366 2421 quid

310 2457 457 2526 sentiam
482 2455 598 2549 colligi
612 2467 725 2551 potest
740 2481 845 2551 quam
866 2456 969 2524 exhis
989 2483 1067 2553 quu¹
1079 2457 1116 2525 in
1129 2458 1285 2553 corporis
1305 2457 1366 2526 mci
1417 2467 1418 2486 ¹

310 2601 521 2660 structuram
542 2601 664 2658 natura
688 2589 883 2684 insculpsit.
915 2589 1020 2678 Quod
1046 2589 1088 2658 ele
1117 2591 1199 2660 viris
1233 2617 1366 2688 quoque

310 2722 567 2818 magnisvalet:
590 2748 743 2818 quorum
763 2722 942 2791 neminem
964 2723 1031 2792 nisi
1053 2725 1260 2819 juvantibus
1287 2737 1365 2794 tem-

309 2857 452 2954 poribus
465 2856 568 2926 talem
577 2855 681 2924 luisse
697 2855 982 2925 credendumest.
994 2858 1168 2926 Newtonis
1185 2857 1362 2952 ingenium

309 2991 459 3061 minusa
480 2989 611 3060 cerebri
621 3001 791 3059 structura
802 2990 940 3085 pendet,
954 3017 1035 3060 casu
1044 2992 1244 3073 constituta,
1267 3021 1367 3090 quam
1418 2969 1419 2976 i

308 3150 326 3191 a
346 3121 470 3218 spiritu
491 3147 561 3216 quc
581 3120 777 3215 Anglorum
799 3121 1060 3202 [niversitates
1084 3124 1366 3218 septimodecimo
1418 3103 1419 3108 ἵ

308 3253 451 3349 quidem
482 3251 620 3330 saecule,
653 3251 908 3322 animabantur.
937 3253 1013 3322 Non
1048 3254 1155 3323 aliter·
1170 3256 1366 3326 Bossuetius

344 3560 369 3609 l.
391 3555 608 3613 Materialisme.
625 3575 650 3626 p.
676 3558 735 3608 192.
760 3576 774 3605 «
791 3556 825 3607 La
845 3557 1008 3627 psycbologie
1030 3560 1179 3628 superieure
1196 3561 1228 3612 de
1249 3561 1366 3613 l'bomme

306 3647 431 3716 comprise
444 3665 489 3716 par
503 3645 595 3696 Comte
609 3644 672 3696 daus
686 3645 779 3695 l'assisc
792 3644 938 3714 biologique
953 3665 1060 3716 suppose
1075 3647 1098 3698 la
1113 3649 1257 3717 soeiologie.
1276 3671 1288 3699 u

342 3739 368 3788 ⁶2.
390 3733 529 3786 Encbain.
546 3733 596 3785 des
611 3732 704 3792 Ide'es.
721 3733 754 3791 ll.
771 3753 797 3804 p.
815 3737 839 3785 2.
857 3755 870 3784 ι(
884 3734 953 3785 Pour
967 3735 1099 3794 l'homme,
1113 3755 1224 3806 paruae
1239 3739 1365 3808 exception

307 3830 377 3874 toute
388 3823 536 3891 singulibre,
553 3841 588 3872 un
605 3840 696 3891 moyen
712 3830 802 3878 termo.
818 3841 853 3872 un
869 3823 990 3874 veritable
1006 3823 1165 3876 nre'dt'atenr
1179 3834 1216 3877 est
1231 3845 1296 3878 venu
1311 3827 1365 3876 s'in-

307 3919 421 3982 terposer
445 3919 517 3962 autre
540 3911 704 3980 l'organismc
725 3911 867 3962 individuel
890 3917 916 3962 et
939 3913 975 3963 les
1001 3913 1105 3965 facultas
1129 3914 1314 3968 individuellcs.
1333 3915 1366 3965 Co

307 4019 399 4071 moyen
415 4007 506 4059 terme,
522 4018 549 4051 ee
565 4001 707 4052 mediatem
722 4001 787 4051 n'est
800 4007 873 4051 autre
887 4019 936 4068 que
954 4002 977 4052 lo
997 4001 1092 4054 miliare
1107 4003 1208 4063 social,
1225 4007 1259 4055 οὺ
1277 4003 1366 4055 circula

306 4097 371 4141 cette
385 4089 426 4140 rie
440 4107 577 4141 commune
592 4090 637 4159 qui
649 4090 735 4140 anime
748 4089 783 4139 les
797 4107 865 4140 races
878 4096 903 4140 et
917 4090 952 4141 les
964 4091 1076 4160 peuples.
1096 4112 1108 4140 u
