2684 4896
751 1034 764 1103 l

632 1301 682 1354 DE
707 1300 882 1355 castaus

275 1674 376 1745 Multi
392 1686 473 1744 sunt
492 1673 619 1770 quibus
633 1673 848 1770 quicumque
865 1699 884 1744 «
902 1673 1129 1769 seeiologieas
1146 1699 1165 1744 ))
1183 1673 1291 1743 seien-

227 1809 289 1878 tias
303 1808 524 1881 constituere,
547 1807 664 1885 idest,
690 1807 872 1877 historicas
897 1807 989 1902 leges
1011 1807 1169 1901 detegere
1188 1833 1291 1877 eona-

226 1956 294 2022 tur‚
325 1968 413 2037 opus
440 1952 569 2011 tentare
596 1939 733 2009 videtur
761 1941 908 2010 omnino
928 1941 1052 2010 inane:
1085 1967 1149 2010 nee
1173 1941 1292 2036 paucis

226 2075 440 2170 argumentis
461 2074 582 2143 nititur
600 2073 667 2143 hee
688 2073 945 2168 praejudicium.

274 2208 356 2287 Alii,
386 2207 550 2278 interiore
580 2207 790 2303 experientia
826 2207 979 2287 subnixi,
1012 2222 1140 2302 negant
1170 2220 1292 2278 eventa

226 2341 449 2413 determinari
464 2367 579 2437 posse,
603 2367 681 2436 quau
696 2367 737 2410 ex
761 2340 870 2439 libero
886 2341 1140 2438 cujuscumque
1150 2343 1292 2413 arbitrio

225 2476 411 2572 pendeant.
442 2474 524 2554 Alii,
559 2500 641 2543 eum
673 2474 800 2570 vulgus
827 2501 865 2544 ea
893 2475 1052 2545 facultate
1085 2502 1200 2545 carere
1225 2477 1293 2546 sint

227 2610 369 2707 experti,
398 2637 465 2706 qua
489 2622 549 2679 aut
576 2621 757 2678 arceantur
792 2623 851 2679 aut
880 2610 1109 2679 deflectantur
1146 2610 1293 2680 [lumina

229 2770 358 2823 rerum,
382 2744 456 2813 lnee
476 2742 664 2812 evirerum
679 2743 869 2811 illustrium
889 2743 990 2813 dietis
1011 2755 1044 2812 et
1058 2744 1162 2837 gestis
1184 2745 1293 2813 fluere

229 2877 438 2947 existimant.
458 2875 540 2955 Alii,
565 2903 637 2945 nen
656 2876 847 2944 hominum
862 2876 1004 2946 intentu
1019 2876 1202 2955 voluntati,
1233 2877 1293 2946 sed

229 3035 346 3078 rerum
365 3008 586 3103 dispositioni
601 3034 777 3078 summam
801 3008 871 3076 vim
894 3008 1095 3087 tribuentes,
1119 3010 1294 3079 affirmant

230 3169 372 3212 cursum
400 3142 612 3238 populorum
640 3168 659 3210 a
685 3142 821 3235 magnis
852 3142 1163 3240 inexspectatisque
1197 3170 1294 3212 eem-

230 3275 480 3346 mutatienibus
517 3275 728 3370 precedere;
760 3276 831 3354 alii,
868 3277 1031 3346 eumdem
1070 3277 1226 3346 minimis
1260 3289 1294 3347 et

228 3409 452 3479 abditissimis
463 3409 651 3479 momentis
667 3436 740 3479 esse
755 3410 960 3480 obnoxium.

278 3544 447 3633 Quamvis
467 3542 612 3621 diversa,
636 3570 675 3613 ex
696 3571 768 3614 une
790 3545 884 3614 sonte
910 3557 1113 3640 argumenta
1142 3545 1200 3614 illa
1221 3546 1293 3615 iim

229 3679 394 3748 lmuriunt
411 3705 416 3747 :
436 3704 563 3774 exque
584 3679 700 3748 neseio
714 3705 758 3747 an
773 3705 896 3749 omnes
912 3680 1192 3774 Pyrrhonieruin
1216 3707 1294 3750 nes-

232 3823 364 3882 trorum
383 3811 451 3881 loei
480 3837 685 3881 communes
710 3825 872 3882 emanent
896 3840 902 3881 :
926 3813 961 3882 id
988 3825 1050 3894 est,
1081 3840 1098 3883 e
1126 3814 1294 3884 Fertumu

230 3957 289 4018 aut
312 3973 457 4017 casuum
486 3957 655 4044 respectu.
685 3946 767 4036 Qui,
793 3958 852 4016 aut
880 3948 982 4017 rebus
1001 3959 1060 4018 aut
1087 3947 1294 4019 bominibus
