2684 4896
607 316 747 366 -85-

198 447 342 527 Deinde,
363 447 523 544 quamvis
546 447 653 516 multa
676 447 827 542 populus
849 447 997 544 quisque
1023 449 1210 545 peculiaria

97 614 100 623 ·
154 583 351 679 experiatur,
379 581 581 652 comnmnia
603 594 716 651 tamen
737 593 770 651 et
792 582 985 652 constantia
1004 583 1038 651 in
1064 585 1210 680 populo·

148 743 222 785 rum
253 725 377 784 natura
403 727 435 785 et
463 714 530 784 vita
560 713 817 810 deprehendere
842 715 933 784 licet.
957 715 1018 794 lta,
1049 717 1077 785 si
1103 718 1209 787 modo

142 848 332 945 respexeris
366 875 433 945 qua
458 848 592 918 ratione
617 848 819 918 societatum
844 849 1014 919 elementa
1036 850 1210 920 coherere

139 994 203 1052 aut
235 993 414 1051 momenta
446 981 558 1050 evolvi
594 981 737 1059 soleant,
768 1008 806 1050 ea
840 982 972 1076 legibus
999 982 1209 1078 quibusdam

135 1116 381 1212 obtemperare
401 1115 667 1193 animadvertes,
685 1142 833 1211 quarum
850 1142 953 1211 opera
969 1127 1075 1185 cretus
1095 1116 1210 1186 homi-

135 1276 229 1318 num
250 1249 414 1319 vitalibus
427 1249 596 1344 primum,
615 1262 730 1344 postea
744 1261 860 1318 autem
878 1249 1089 1319 mechanicis
1106 1251 1208 1320 relius

130 1383 215 1478 jure
237 1383 420 1452 videantur
439 1382 633 1452 assimilari.

190 1517 278 1595 line,
320 1516 636 1611 phrenorncnorum
672 1543 750 1612 (parc
787 1516 824 1584 in
854 1516 1018 1584 omnilms
1047 1517 1208 1610 gentibus

141 1650 264 1720 cadem
283 1661 466 1719 versantur
479 1651 704 1746 proprietates
720 1650 930 1720 universales
946 1637 1090 1719 delinire
1112 1650 1208 1718 haud

144 1784 293 1854 omnino
306 1783 495 1853 rotandum
516 1795 577 1853 est.
598 1784 693 1853 Licet
711 1784 805 1853 enim
835 1783 1052 1854 occurrentia
1076 1795 1109 1853 ct
1134 1810 1208 1879 per-

148 1918 317 1988 turbantia
337 1917 497 1986 consulto
526 1917 799 2012 praetermittere,
822 1917 867 1986 ita
896 1931 934 1988 nt.
957 1919 1048 2012 leges
1068 1917 1207 2014 proprie

148 2051 341 2121 scientificae
350 2050 538 2130 emineant,
549 2050 676 2147 quibus
687 2077 755 2120 non
768 2063 901 2120 tantum
912 2051 1206 2122 aconomicorum

149 2185 337 2281 pretiorum
347 2195 544 2254 constantes
552 2183 636 2253 libra
642 2184 766 2253 tiones,
779 2184 881 2253 sedet
893 2184 1072 2254 socialium
1082 2183 1206 2252 sorma-

150 2343 222 2386 rum
237 2316 450 2386 universales
469 2317 610 2385 effectus
624 2315 776 2412 quodam
795 2316 899 2385 modo
918 2315 1203 2385 determinentur.

192 2451 232 2520 ln
275 2476 426 2527 summa,
472 2449 624 2518 scientiis
665 2448 895 2543 sociologieis‚
931 2448 994 2517 etsi
1024 2448 1067 2517 de
1104 2449 1207 2518 rebus

151 2597 272 2678 aguant
308 2583 445 2652 casibus
480 2583 629 2652 maximo
663 2583 835 2660 obnoxiis,
868 2582 1070 2651 Cournotus
1106 2581 1207 2650 talem

152 2717 321 2788 licentiam
336 2717 394 2785 dat
413 2728 539 2786 utnon
561 2717 667 2786 modo
682 2719 813 2810 rnojoro
832 2724 959 2793 evetita,
984 2714 1044 2784 sed
1065 2726 1100 2784 ct
1121 2716 1209 2808 lepos

152 2853 322 2948 empiricos
352 2850 425 2921 imo
450 2851 538 2943 lepos
565 2851 744 2919 rationales
768 2848 936 2945 gradatim
959 2848 1204 2944 adipiscantur.

150 2985 239 3055 Adeo
255 2997 294 3055 ut
313 2984 372 3053 illa
390 2983 613 3079 philosophia
633 3010 847 3080 quanquam,
867 2982 978 3078 prima
1002 2982 1099 3062 facie,
1124 2982 1209 3051 For-

94 3118 98 3155 *
153 3129 239 3189 tunae
278 3117 526 3187 instauratione
573 3117 709 3187 llationi
748 3143 801 3186 res
835 3116 976 3186 sociales
1019 3116 1208 3184 informare

94 3292 96 3329 ;
151 3251 301 3349 cupienti
338 3251 518 3321 videbatur
547 3278 619 3320 esse
653 3277 758 3346 quam
786 3249 986 3319 firmissime
1017 3250 1204 3328 obstatura,

94 3420 96 3425 ·
148 3386 310 3455 omnibus
347 3396 480 3463 contra,
516 3411 747 3480 quacumque
776 3383 1063 3476 sociologicarum
1099 3381 1208 3451 scicn-

146 3519 271 3590 tiarum
291 3519 440 3589 lautores
462 3517 570 3587 nostri
591 3517 797 3613 pollicentur
812 3528 870 3586 aut
890 3528 1041 3611 sperant.
1061 3513 1208 3585 auctori-

147 3663 251 3723 tatem
266 3652 388 3722 afferre
405 3651 571 3722 videatur.
