2858 5090
518 432 662 486 ,65-

76 565 202 636 breviter
237 565 533 646 commemoratis,
575 565 781 658 indagemus
826 593 895 664 qua
936 565 1115 650 methodo,

76 700 234 770 Cournoto
263 699 364 778 duee,
396 699 440 768 ad
472 699 556 768 tales
585 700 698 770 theses
724 701 906 796 pervenire
932 702 1044 784 liceat,
1073 747 1119 757 —

21 835 22 902 Ῐ
75 833 142 929 quid
155 834 303 930 denique
323 832 489 913 historias,
522 833 608 928 quid
629 833 755 902 rationi
775 834 819 903 sit
838 835 1114 906 concedendum.

112 967 229 1035 Rerum
246 965 354 1060 igitur
375 967 681 1044 aecenomicarum‚
696 967 849 1036 aNostre
865 967 1116 1065 descriptarum

73 1112 194 1194 quaest
207 1099 330 1178 forma,
347 1126 425 1198 quae
436 1099 560 1170 facies?
575 1099 704 1168 Rerum
717 1100 999 1172 mechanicarum
1011 1131 1116 1200 quarn

73 1233 203 1301 maxime
232 1232 355 1301 similis
382 1245 444 1312 est,
479 1259 550 1302 neu
577 1233 747 1302 vitalium.
783 1235 823 1303 ln
855 1236 958 1306 rebus
982 1263 1116 1307 recene-

72 1367 165 1446 micis,
195 1379 234 1436 ut
255 1367 513 1438 «metiamur»
540 1367 625 1464 quid
651 1395 799 1464 quaeque
827 1369 947 1448 valeat,
979 1382 1118 1441 menete

72 1501 186 1570 utimur
201 1501 321 1580 veluti,
341 1501 377 1569 in
398 1501 502 1570 rebus
518 1501 765 1581 materialibus
791 1503 946 1598 pendere
966 1530 1004 1573 ae
1020 1531 1117 1574 rnen-

21 1625 22 1704 }
73 1637 162 1703 sura¹.
185 1636 280 1706 Inter
299 1661 339 1704 ea
354 1661 432 1730 quae
456 1661 474 1704 a
493 1645 616 1704 natura
637 1635 693 1704 vel
714 1635 756 1704 ab
781 1635 984 1706 hominibus
1005 1638 1119 1733 prole-

21 1823 22 1870 q
72 1781 179 1838 rantur
198 1770 301 1849 bona,
322 1769 428 1838 veluti
451 1769 541 1838 inter
555 1768 712 1864 physica,
729 1769 964 1842 «densiora2»
991 1771 1119 1841 discer-

72 1927 136 1970 nere
150 1902 240 1982 licet,
264 1915 334 1982 aut,
353 1902 458 1972 veluti
478 1902 568 1971 iuter
584 1902 744 1980 chimica,
770 1928 788 1973 ((
805 1903 1064 1998 aequivalentia³
1081 1930 1113 1975 n.

71 2036 285 2131 liquidorum
313 2061 331 2106 u
359 2035 597 2133 aequilibrium
624 2062 642 2106 ))
672 2036 855 2106 imitantur
883 2037 1059 2107 divitiores
1086 2053 1119 2108 et

72 2169 239 2249 tenuiores
273 2171 358 2238 dum
384 2195 466 2265 opes
497 2182 556 2242 aut
585 2170 751 2248 lahorem,
782 2171 975 2240 secundum
1005 2172 1116 2266 legem

21 2295 22 2374 i
69 2302 198 2372 minoris
241 2314 398 2382 conatus,
436 2303 506 2372 hue
527 2315 587 2373 aut
613 2301 696 2372 illuc
730 2303 907 2373 afferunt‘.
939 2305 1112 2401 Denique,

21 2445 22 2508 T
68 2437 171 2506 cadem
191 2437 266 2531 lege
285 2463 354 2533 qua
373 2437 409 2504 in
437 2463 540 2532 opere
560 2437 723 2507 maehina
743 2437 892 2534 quadam
921 2449 1112 2533 procreate,

21 2561 22 2612 3
68 2571 223 2640 naturales
257 2571 347 2640 vires
376 2597 461 2667 quas
490 2571 651 2639 maehina
686 2571 914 2640 commutavit
951 2598 1115 2642 consum·

67 2707 152 2764 ruatce
192 2709 386 2774 remanent,
423 2695 481 2774 ita,
527 2688 801 2792 quanticumque
841 2695 877 2764 in,
915 2696 1116 2767 fabricando

67 2825 201 2924 impensi
226 2843 308 2900 sunt
336 2841 509 2924 sumptus,
538 2829 562 2896 ii
591 2830 833 2899 fabricatarum
858 2856 976 2900 rerum
1005 2831 1116 2926 pretio

67 2963 152 3056 quasi
167 2963 340 3061 exaequari
359 2963 518 3033 debentl.
539 2965 590 3032 Ex
609 2991 680 3060 quo
695 2965 734 3034 lit
753 2977 792 3034 ut
806 2991 860 3034 res
876 2965 1112 3048 aecenemieae‚

21 3321 22 3324 ,
94 3275 114 3322 1.
135 3274 350 3333 Materialisnce,
368 3294 393 3344 p.
409 3277 469 3328 298.
984 3347 986 3352 Ι

21 3345 23 3360 l
93 3363 114 3414 2.
133 3364 279 3436 Principes
295 3362 329 3416 de
344 3364 372 3416 la
389 3363 495 3416 theorie
511 3363 561 3416 des
577 3361 735 3424 notasses,
748 3383 778 3434 p,
795 3366 836 3416 42.
854 3385 867 3413 α
884 3362 926 3415 On
941 3363 1056 3434 peurrait
1070 3381 1115 3432 ap-

64 3449 122 3514 peler
133 3451 241 3506 densitc'
254 3453 434 3524 &corromiquc
447 3472 481 3505 ou
493 3453 590 3504 densite
604 3453 635 3504 ‹le
648 3453 735 3504 raleur
748 3453 935 3513 d'unedenree
952 3453 976 3504 la
990 3452 1075 3504 valeur
1085 3451 1117 3502 de

63 3545 118 3589 cette
130 3541 222 3594 denree
236 3561 302 3612 pour
316 3542 407 3594 l'unite'
419 3542 450 3594 de
461 3542 543 3612 poids.
559 3563 573 3591 n

93 3631 114 3678 3.
134 3629 217 3691 leid„
234 3650 260 3701 p.
276 3633 319 3683 61.
336 3653 349 3680 u
365 3631 386 3682 ll
398 3639 436 3682 est
450 3631 550 3683 naturel
562 3631 779 3700 d'espe'rerqu'on
789 3649 851 3683 aura
863 3650 899 3682 un
911 3631 973 3701 jour
984 3648 1036 3681 une
1052 3629 1117 3680 table

64 3712 99 3764 des
112 3719 283 3789 equivalents
298 3721 493 3791 e'conomiqnes
506 3739 539 3771 ou
556 3719 732 3772 industriels.
756 3741 769 3770 »

94 3806 114 3856 4.
135 3808 289 3881 Principes,
299 3829 324 3878 p.
337 3811 397 3863 246.
409 3831 423 3860 «
434 3809 592 3879 Leprincipe
602 3809 759 3860 d'economie
771 3809 875 3860 oudela
884 3807 1010 3862 moinclre
1023 3807 1116 3859 action

65 3896 142 3946 trouve
153 3896 217 3948 donc
232 3917 278 3950 son
293 3899 445 3969 application
460 3898 523 3950 dans
537 3898 561 3950 la
575 3898 675 3968 banque
690 3917 791 3949 comme
806 3897 868 3948 dans
883 3897 906 3948 la
924 3896 1083 3965 me'canique.
1102 3915 1115 3943 n

64 3977 98 4034 Cf.
113 3986 197 4040 Ench.
214 3987 264 4042 des
280 3988 373 4056 laces,
390 3989 424 4045 ΙΙ,
441 4008 466 4058 p.
483 3989 533 4041 275
549 4007 604 4057 sqq.
620 3987 654 4038 Le
670 3987 856 4058 cinc'mntique
870 3986 914 4038 des
928 3987 1036 4037 raleurs.

93 4073 115 4122 5.
137 4075 223 4130 Ilernc
238 4095 307 4130 som.
321 4077 458 4130 desDoct.
470 4080 531 4136 Ec,
542 4097 566 4146 p.
584 4078 625 4129 75.
637 4076 678 4127 Cl.
695 4076 852 4147 Principes,
869 4096 894 4146 p.
907 4077 948 4128 54.
962 4095 976 4124 «
987 4073 1117 4126 Laraleur

194 4185 313 4236 lloc'oilt.
960 4186 974 4235 5
