2684 4896
607 387 635 399 ..
658 361 691 410 93
713 384 744 401 „„

141 491 202 560 uni
217 491 400 588 eidemque
420 491 488 585 legi
503 492 642 561 finxerit
661 517 734 561 csse
754 490 949 560 obnoxias¹.
973 492 1099 588 Atque,
1116 537 1161 546 -
1178 492 1205 562 si

140 626 182 694 ad
206 625 415 695 recentiores
448 625 609 695 accedere
637 625 686 694 las
716 638 778 706 est,
802 669 847 678 —
877 652 995 694 nonne
1029 626 1071 696 G.
1095 627 1205 697 'l'arde

140 760 224 854 ipso,
248 760 311 829 ctsi
340 760 581 829 Cournotiana
601 759 784 854 disciplina
804 759 1048 854 prannunitus,
1079 760 1203 830 codem

140 894 285 962 crimine
301 895 379 990 jure
399 893 577 987 arguiturl
597 893 708 988 Cujus
729 919 833 988 opera
855 892 982 962 adhoc
1003 919 1116 962 unum
1129 920 1204 989 per-

139 1053 217 1120 gere
237 1027 412 1107 videntur,
435 1038 474 1096 ut
496 1026 616 1095 omnia
635 1051 868 1121 quascumque
883 1026 1051 1105 accidant,
1074 1027 1203 1095 ducant

139 1187 155 1228 e
169 1161 303 1254 legibus
319 1162 445 1257 quibus
462 1161 624 1229 homines
646 1185 718 1228 sese
733 1159 862 1228 imitari
884 1159 1026 1229 soleant.

189 1293 660 1389 110000010010100111111110,
684 1336 730 1345 —
751 1293 846 1389 quod
866 1293 1030 1362 Germani
1056 1295 1201 1364 nominc

138 1429 370 1522 Eiuseilipbeit
390 1428 470 1497 satis
491 1428 579 1496 clare
600 1427 794 1520 designant,
812 1470 858 1480 -
878 1427 993 1496 Nostri
1016 1428 1200 1523 opiniones

138 1563 315 1658 aptissime
335 1573 506 1632 coercent.
530 1562 651 1631 Monet
679 1561 773 1630 enirn
802 1573 1061 1657 peropportune
1095 1590 1200 1659 quarn

139 1711 235 1767 caute
250 1697 415 1767 derebus
431 1698 595 1766 humanis
615 1697 652 1764 in
672 1693 877 1764 universum
896 1695 1028 1792 aliquid
1046 1699 1200 1792 prolerre

138 1831 273 1906 deceat;
297 1831 408 1925 legem
430 1832 466 1899 in
486 1858 555 1900 una
576 1831 896 1925 plraenonrenorum
917 1830 1003 1899 serie
1027 1843 1197 1927 repertam

139 1990 209 2032 non
226 1965 293 2033 nisi
309 1964 430 2034 ceteris
443 1963 585 2058 paribus
598 1962 680 2031 alibi
695 1962 825 2037 ralere;
843 1963 1146 2033 circumstantium
1167 1978 1200 2034 et

137 2099 394 2167 occurrentium
409 2111 629 2175 eventorum,
647 2095 805 2192 equibus
821 2121 898 2164 0001
914 2096 1012 2192 quasi
1032 2097 1198 2167 abstrahi-

138 2258 227 2310 mus,
247 2231 419 2300 rationem
439 2257 512 2300 esse
533 2229 736 2300 tenendam:
759 2229 832 2296 imo
853 2228 945 2321 leges
965 2242 1104 2299 caeteras
1125 2257 1198 2301 esse

137 2364 400 2459 computandas
419 2390 568 2458 quarum
597 2387 769 2432 concursu
799 2360 856 2429 hic
880 2373 939 2430 aut
959 2361 1016 2431 ille
1040 2363 1194 2443 effectus,

137 2525 336 2594 quanquam
346 2525 365 2567 a
376 2509 494 2567 nostra
504 2495 801 2565 demonstratione
811 2495 1016 2589 praefinitus
1031 2497 1197 2568 occultari

138 2643 169 2699 01
192 2631 290 2726 quasi
317 2630 491 2724 exstingui
509 2629 638 2725 possit:
662 2629 697 2696 in
718 2628 863 2696 historia
887 2627 1037 2724 denique
1063 2643 1197 2725 partem

137 2764 287 2859 aliquam
298 2763 487 2859 inopinatis
495 2762 731 2832 accidentibus
743 2787 879 2856 semper
888 2787 961 2831 esse
976 2763 1192 2845 serrandum,

136 2912 168 2969 at
183 2899 263 2967 satis
279 2925 351 2967 esse
364 2898 403 2977 si,
419 2896 636 2966 tenuioribus
644 2895 765 2964 rivulis
779 2893 882 2964 ctiam
897 2895 1038 2966 incertis
1051 2909 1084 2966 et
1098 2899 1195 2994 quasi

136 3034 339 3102 errantibus.
359 3032 490 3127 majora
509 3031 656 3099 llumina
671 3056 788 3100 rerum
801 3031 971 3101 delineata
985 3031 1125 3101 fuerint.

182 3302 272 3370 Sunt
304 3309 420 3367 autem
453 3297 525 3393 qui,
562 3295 745 3391 disciplina
778 3296 941 3365 historica
969 3298 1191 3379 conformati,

135 3446 337 3504 eventorum
357 3429 586 3527 peculiarium
610 3428 823 3522 indagationi
846 3429 984 3501 assueti.
1009 3443 1195 3525 systemata

135 3579 289 3662 suspecta
323 3566 482 3642 babeant,
527 3562 808 3658 quibuscumque
850 3587 968 3630 rerum
1011 3564 1194 3634 mobilitati

134 3702 289 3770 ordinem
315 3698 629 3792 colnerentiamque
662 3695 850 3792 quamdam
879 3696 1059 3792 imponere
1093 3724 1195 3767 cone-

171 4009 191 4058 1.
214 4005 255 4056 (Il.
276 4004 433 4053 brunnam.
457 4001 510 4054 Les
526 3997 617 4066 regles
629 3996 709 4050 dela
726 3995 856 4049 nietbode
869 3996 1071 4070 soeiologique,
