2684 4896
600 343 742 396 ..55-

138 481 269 551 ratione
278 493 357 576 apta
367 506 436 576 qaa
452 489 533 548 sunt
547 477 890 555 adcornmunionem
899 479 1107 552 efficiendam
1116 481 1164 551 ido·

138 642 214 685 nea.
227 615 304 685 Non
321 613 401 684 satis
413 625 463 682 est
475 611 581 706 igitur
596 611 736 705 vulgare
749 610 883 681 dictum
893 640 1078 710 usurpare:
1090 641 1106 686 (t
1118 616 1166 685 llu-

138 747 311 818 manitatis
324 747 421 816 cultu
441 772 542 816 mens
556 744 737 815 materiam
751 745 859 816 vineit
875 772 908 817 a.
924 748 1169 819 Cournotianun

138 883 270 953 dictum
286 881 432 951 clariora
447 855 576 975 prolert
595 906 601 947 :
622 904 641 949 ((
659 879 894 950 Humanitatis
907 881 1006 952 cultu
1020 909 1059 952 ea
1073 911 1136 981 qua
1146 883 1171 951 in

138 1018 241 1087 rebus
260 1015 441 1086 rationalia
460 1026 494 1083 et
512 1012 718 1083 communia
739 1026 821 1082 suat
839 1014 908 1084 illis
935 1028 1098 1111 praestant
1117 1044 1172 1114 que

138 1178 180 1220 ex
188 1147 421 1220 animantium
430 1145 595 1244 peculiari
606 1172 670 1215 nec
679 1172 752 1215 non
760 1147 874 1241 fugaci
887 1148 922 1216 vi
931 1149 1131 1220 exoriuntur
1139 1154 1170 1219 ¹».

187 1283 242 1352 Nil
262 1283 392 1351 mirum
415 1281 522 1374 igitur
541 1280 569 1348 si
589 1279 780 1360 societates,
808 1308 880 1377 quo
895 1283 1008 1378 magis
1027 1284 1129 1357 cultae.
1146 1309 1173 1353 ea

138 1416 353 1509 sociologicis
365 1413 517 1484 scientiis
533 1413 702 1508 aptiorem
720 1414 1077 1509 praebentmateriam.
1096 1415 1174 1506 Quod

139 1550 268 1619 llillius
284 1575 436 1645 quoque,
456 1547 516 1617 sed
532 1547 728 1643 disparibus
749 1549 979 1641 argumentis
1007 1551 1109 1621 tuitus
1129 1560 1173 1619 est.
1210 1610 1212 1643 =

139 1683 204 1752 llic
219 1683 314 1752 enim
326 1681 624 1778 progredientium
635 1681 840 1751 societatum
856 1709 1001 1753 cursum
1017 1711 1058 1754 eo
1070 1684 1176 1755 lucilius
1210 1666 1212 1737 l

138 1816 302 1912 prahniri
327 1827 437 1911 putat,
460 1815 555 1911 quod
569 1815 606 1882 in
626 1815 667 1883 iis
687 1814 862 1895 omnium,
890 1817 951 1912 qui
973 1844 992 1887 a
1013 1818 1175 1915 majoribus

140 1950 253 2021 traditi
281 1961 374 2021 sunt.
398 1949 522 2041 agendi
547 1949 601 2017 rel
629 1949 794 2044 cupiendi
823 1950 1012 2020 modorum
1037 1974 1177 2021 numerus

136 2083 303 2178 paulatim
330 2095 433 2178 atque
461 2082 601 2177 pondus
628 2094 770 2161 creseat,
794 2083 840 2151 ita
868 2095 907 2152 ut
935 2086 1082 2179 posteris
1100 2080 1176 2181 quasi

137 2216 353 2312 impossihile
378 2215 422 2285 sit
440 2242 559 2285 rerum
584 2216 715 2284 llumen
745 2242 786 2284 ex
812 2216 955 2287 arbitrio
984 2217 1173 2288 delleetcre³.

138 2352 340 2421 Courmnns
353 2362 469 2418 autem
485 2349 551 2419 hoc
576 2375 649 2418 esse
671 2349 780 2444 inagis
802 2350 976 2420 cultarum
997 2353 1178 2422 societatum

136 2484 319 2580 proprium
349 2483 457 2552 credit
484 2496 523 2552 ut
550 2510 655 2553 onere
679 2484 934 2578 prad-oritorum
962 2485 1078 2582 aliqua
1103 2492 1178 2582 parte

137 2619 303 2714 paulatim
327 2618 497 2688 leventur.
527 2644 589 2686 nec
616 2618 806 2715 (pricquam
834 2619 930 2688 aliud
962 2633 1099 2690 servent
1128 2611 1179 2686 nisi

137 2752 222 2848 quid
251 2752 292 2820 sit
321 2751 459 2845 utilitati
484 2753 717 2820 comerriens:
752 2753 799 2820 ita
825 2765 874 2822 ut.
904 2779 984 2848 quae
1012 2754 1049 2822 in
1079 2752 1180 2824 talibus

138 2885 358 2955 societatibus
373 2885 622 2954 constituntur.
642 2912 680 2954 ea
696 2912 767 2954 non
790 2912 831 2955 ex
851 2886 997 2956 historia
1014 2888 1176 2984 cujusque.

138 3020 235 3089 sede
260 3019 390 3088 ratione
406 3019 479 3113 ipsa
495 3019 677 3088 videantur
696 3045 769 3087 esse
789 3019 1025 3090 deducenda³.
1049 3022 1180 3110 Quamo-

177 3201 199 3248 l.
223 3196 307 3248 Enrh.
323 3197 373 3247 des
388 3195 480 3251 [dees.
500 3197 532 3249 ll.
550 3216 574 3266 p.
593 3200 635 3248 17.
659 3196 693 3248 La
707 3197 856 3249 cirilisation
871 3199 1059 3267 progressive«
1074 3201 1180 3265 n'estpts·

137 3305 238 3337 comme
252 3305 285 3336 on
299 3287 330 3338 l'a
345 3286 382 3336 dit
394 3286 413 3336 si
429 3294 544 3339 sousenl.
562 3286 585 3336 le
604 3287 733 3355 triumphe
747 3286 779 3337 de
794 3287 891 3356 l'esprit
912 3306 956 3338 sur
968 3289 992 3339 la
1007 3290 1119 3341 muliere.
1134 3280 1181 3336 malt

138 3375 196 3426 hien
211 3375 293 3445 plana
308 3374 331 3425 le
346 3375 475 3445 triumphe
485 3375 530 3425 des
538 3376 665 3444 principes
678 3375 817 3426 rationnels
829 3384 854 3427 et
866 3378 996 3445 generant
1004 3378 1049 3429 des
1060 3378 1140 3430 choses
1149 3385 1181 3422 Sus

137 3465 258 3533 l'energie
272 3472 296 3515 et
310 3464 347 3515 les
361 3464 470 3533 qnalih's
484 3482 589 3533 propre<
602 3464 633 3514 de
649 3465 813 3532 l‘organisme
828 3466 913 3516 lirant
929 3487 953 3516 a.

172 3555 197 3607 ’2.
220 3554 343 3623 legique
363 3551 414 3603 das
434 3554 558 3604 arienses
583 3552 713 3605 morales.
733 3554 775 3603 lis.
793 3553 828 3604 l'l
841 3554 920 3622 (trad.
937 3555 1032 3623 Belot),
1049 3575 1074 3624 p.
1095 3555 1143 3606 195.
1157 3573 1182 3585 ⁶

136 3643 178 3692 Cf.
195 3644 299 3693 Courr.
318 3640 453 3694 t'eursde
465 3640 649 3714 philosophie
664 3643 792 3712 positive.
808 3651 827 3693 t.
843 3642 886 3695 lt'.
901 3663 927 3712 p.
944 3645 1005 3697 345.

172 3733 197 3781 3.
221 3730 352 3782 Foedera.
369 3729 405 3780 de
421 3748 471 3781 eros
486 3748 577 3785 contr..
599 3730 631 3785 ll,
649 3751 674 3799 p.
695 3734 750 3782 179.
769 3753 782 3779 a
798 3731 858 3782 Plus
871 3732 907 3782 les
922 3732 990 3784 ide'es
1003 3741 1029 3785 et
1042 3734 1078 3785 les
1089 3729 1181 3804 prassinus

136 3839 162 3869 se
176 3820 355 3887 generalisent.
371 3827 396 3870 et
410 3819 465 3888 plus
475 3819 621 3870 l'iulluenre
635 3820 679 3870 des
692 3820 841 3889 precedents
856 3821 1009 3892 historiques
1022 3822 1077 3874 doit
1089 3821 1145 3872 aller
1156 3830 1180 3865 et

136 3906 336 3961 s‘atlhiblissaut:
363 3907 419 3977 plns
442 3907 465 3958 la
489 3908 592 3958 marche
606 3908 651 3958 des
674 3911 839 3959 ei‘enements
857 3909 910 3959 doit
929 3929 955 3961 se
977 3910 1180 3962 conformatur

135 3997 231 4048 certain
246 3996 321 4047 ordre
336 3997 480 4067 lln'orique.
498 4017 512 4045 n
528 3997 570 4047 (ΣΙ.
588 3996 672 4048 Erech.
689 3997 740 4049 des
757 3997 845 4049 Ide'es.
863 3998 896 4051 ll.
911 4018 937 4067 p.
952 4001 1012 4051 225.
