2684 4896
599 335 741 388 —52-

138 471 374 543 efficacissime
383 469 545 566 praecanit
558 495 600 538 ne
614 469 656 538 iis
667 470 955 539 adnumeraretur
970 469 1031 564 qui
1044 468 1181 539 vitalium

138 607 252 676 studio
272 603 502 702 prmoccrrpati
523 603 664 672 luerunt
681 615 713 672 et
740 603 838 700 quasi
859 603 1043 673 obcaecati?
1062 603 1183 699 Quippe

137 740 198 836 qui
229 740 407 809 societates
444 763 463 807 ((
499 737 740 807 mechanicam
770 762 789 806 ))
827 737 1017 832 quamdam
1051 737 1182 833 speeiem

136 875 335 971 frequenter
349 873 502 968 praebere
522 872 843 941 demonstraverit¹.

186 1010 308 1077 Nostra
344 1019 454 1077 atate.
492 1006 613 1075 rodam
657 1019 813 1101 tempore
854 1031 925 1102 quo
962 1017 1119 1075 notatum
1144 1016 1186 1073 est

137 1142 326 1211 hominum
348 1153 454 1210 cantus
474 1153 576 1236 atque
597 1139 743 1209 eoncilia
762 1139 952 1235 quamdam
968 1139 1184 1208 animantium

137 1274 288 1369 speciem
296 1274 461 1369 praebere,
474 1299 592 1342 nonne
606 1272 735 1342 multos
746 1271 945 1342 audivimus
959 1272 1122 1368 temporis
1130 1269 1184 1341 arti

136 1405 342 1485 laudatores
367 1407 427 1503 qui
453 1407 677 1502 antiquarum
704 1406 862 1499 gentium
878 1406 1040 1501 spiritum
1061 1405 1184 1475 vitalem

136 1539 380 1635 incertumque
404 1552 541 1609 motum
568 1538 813 1617 desiderarent,
842 1563 905 1607 nee
932 1564 1005 1608 non
1035 1535 1182 1632 ingemui-

136 1685 271 1742 seerent
299 1673 394 1768 quod
420 1673 457 1741 in
487 1672 612 1742 nostris
633 1673 750 1742 omnia
768 1673 843 1767 jam
862 1672 1037 1767 aequabili,
1061 1683 1144 1741 certo
1155 1680 1180 1738 et

136 1807 236 1902 quasi
267 1805 512 1874 mathematico
536 1831 733 1900 progressu,
758 1805 838 1903 sine
873 1806 944 1875 ulla
968 1806 1178 1902 inexspectata

136 1941 308 2018 varietate,
335 1939 529 2008 secundum
545 1939 715 2008 rationem
736 1951 769 2009 et
788 1939 973 2010 utilitatem
994 1938 1176 2034 agerentur?

136 2075 233 2162 Quos
249 2099 457 2143 communes
472 2072 569 2142 lacos
584 2073 755 2142 Cournoti
776 2072 933 2143 doctrina
959 2075 1097 2170 copiose
1120 2071 1175 2140 illn-

136 2229 244 2287 strare
260 2216 370 2286 licuit.

184 2349 321 2418 Etenim
343 2349 369 2416 si
398 2348 515 2426 modu,
540 2348 722 2418 Caurnoto
742 2348 842 2429 duce,
866 2350 970 2420 series
990 2347 1169 2445 respexeris,

136 2483 263 2580 quibus
286 2495 419 2552 constet
438 2482 641 2578 complexus
663 2483 810 2562 socialis
838 2510 894 2553 eas
916 2483 961 2552 ad
988 2496 1170 2554 structuram

136 2617 315 2713 pervenire
328 2642 506 2709 agnosces,
526 2643 603 2712 qum
618 2617 686 2686 vita
703 2617 842 2712 penitus
858 2617 957 2714 quasi
972 2631 1074 2688 exuta
1091 2615 1172 2686 fuisse

136 2751 304 2820 rideatur.
321 2750 426 2820 Verbi
445 2750 565 2843 gratia,
579 2777 648 2819 non
671 2753 769 2821 omni
785 2765 941 2847 tempore
955 2752 1086 2846 linguae
1100 2751 1172 2819 sran-

137 2897 240 2954 turea
261 2884 296 2954 vi
310 2884 538 2979 procreatrice
561 2912 629 2981 qua
646 2885 817 2956 elementa
835 2912 926 2956 nova
943 2912 983 2956 ex
1003 2912 1038 2956 se
1055 2885 1174 2981 gignant

135 3031 206 3098 aut,
224 3031 263 3087 ut
275 3017 383 3096 aiunt,
403 3018 725 3114 iniussuscipianr.
750 3020 833 3089 Dies
847 3019 987 3090 advenit
999 3032 1173 3116 postquam

58 3206 66 3229 .
137 3151 276 3243 linguar,
300 3153 469 3222 extraneis
489 3164 610 3232 auctae,
634 3154 943 3246 grammaticorum
971 3166 1043 3224 arte
1063 3166 1095 3224 et
1112 3173 1173 3222 cura

172 3446 197 3494 1.
219 3441 306 3494 Ench.
323 3442 373 3495 des
387 3443 479 3503 Ide'es,
496 3443 529 3503 ΙΙ,
546 3464 571 3513 p.
591 3448 631 3498 17.
652 3465 665 3494 a
679 3445 726 3496 Les
741 3445 846 3497 sociates
859 3445 994 3498 humaines
1010 3455 1068 3498 sont
1080 3439 1175 3498 touttta

136 3532 183 3582 fois
196 3531 239 3582 des
252 3532 426 3600 organisrnes
441 3539 466 3583 et
478 3533 521 3583 des
534 3534 727 3586 mecanismes
748 3555 761 3583 n
783 3566 817 3573 -
835 3533 876 3586 Gt.
893 3534 997 3586 Tanna.
1014 3535 1131 3607 Logique
1142 3545 1175 3583 ro·

136 3620 218 3680 ciale,
234 3640 260 3690 p.
276 3623 342 3673 151:
357 3641 370 3670 n
385 3621 408 3672 Α
423 3639 523 3672 mesura
535 3641 586 3691 que
601 3622 637 3673 les
651 3624 755 3674 sociates
770 3642 795 3675 se
810 3623 944 3683 civilisent,
957 3625 974 3675 il
988 3625 1084 3677 semble
1095 3619 1175 3695 quella

135 3717 197 3761 rant
211 3728 237 3761 se
252 3708 482 3778 desarganisant.
500 3732 514 3760 a

171 3801 195 3850 2.
219 3798 305 3862 leid„
323 3798 356 3858 tl,
373 3818 398 3868 p.
416 3802 449 3852 68
463 3819 467 3849 :
486 3800 532 3850 «Α
545 3819 646 3852 mesure
660 3820 711 3870 que
724 3802 748 3853 la
763 3803 832 3854 fixite
848 3803 893 3854 tait
907 3803 951 3854 des
965 3807 1080 3873 progres
1094 3802 1114 3853 la
1126 3801 1174 3857 luree

135 3887 259 3957 plastique
272 3887 376 3938 delaissa
391 3906 439 3956 peu
453 3890 467 3938 la
481 3907 530 3958 peu
542 3889 566 3940 la
580 3890 682 3958 langue,
699 3899 724 3942 rt
738 3911 774 3942 un
788 3893 933 3961 organisme
945 3893 1033 3944 vivant
1052 3891 1107 3944 tend
1120 3891 1132 3940 l
1143 3884 1174 3936 dt·

135 3978 207 4027 venir
221 3996 256 4028 nn
272 3977 436 4028 instrument.
455 3998 469 4026 »
