2684 4896
597 370 739 423 -33..

136 509 297 606 majores,
340 517 549 587 constantes
586 516 702 602 atque,
741 517 779 575 ut
818 505 985 588 diximus,
1026 507 1176 602 primaria

138 654 301 713 emanent
315 667 433 711 rerum
453 639 727 710 inclinationes¹.

185 776 301 866 Quid!
338 775 444 844 Estne
478 772 647 854 historici,
678 774 763 843 dum
791 774 850 844 tali
880 775 1049 845 methodo
1077 775 1179 855 utitur,

137 923 302 981 aeternam
328 933 447 977 rerum
474 908 710 977 humanarum
735 919 892 977 naturam
920 907 1066 1004 adipisci
1085 922 1180 1006 atque,

137 1072 155 1114 e
175 1044 379 1114 societatum
403 1042 616 1138 perennibus
640 1041 910 1138 proprietatibus
937 1042 1127 1112 seeundum
1147 1042 1183 1112 le-

138 1205 198 1274 ges
213 1176 451 1247 ineluctabiles
466 1203 503 1245 ca
518 1176 652 1246 trahere
666 1202 744 1272 quac
759 1176 852 1245 varia
864 1176 902 1245 in
914 1176 988 1246 dies
1004 1178 1186 1246 transeunti

138 1314 217 1382 Non
233 1323 326 1382 tanta
345 1312 468 1380 Noster
490 1310 634 1408 quidem
653 1311 846 1407 prasumit.
867 1311 997 1381 Rerum
1012 1311 1187 1408 praecipuas

138 1445 393 1524 inclinationes,
408 1471 494 1541 quas
507 1444 675 1514 historico
689 1444 942 1540 patefaciendas
955 1444 1118 1524 ostendit,
1131 1471 1189 1513 non

139 1607 157 1648 a
183 1579 319 1673 legibus
346 1577 600 1647 universalibus
624 1577 813 1673 procedere
834 1591 964 1658 censet,
988 1578 1049 1648 sed
1068 1605 1088 1648 a
1105 1578 1191 1647 lacte-

139 1740 219 1782 rum
236 1711 471 1808 quorumdam
487 1739 565 1781 vero
578 1712 809 1782 eminentium
833 1712 1001 1807 singulari
1017 1739 1188 1782 concursu.

141 1847 244 1917 Hisce
269 1846 404 1926 oblatis,
432 1846 563 1916 multos
587 1859 730 1916 eventus
752 1846 970 1943 interpretari
990 1847 1124 1916 licebit:
1145 1845 1192 1915 sed

142 1981 262 2051 eadem
286 1981 435 2050 latemur
457 2005 475 2050 «
500 1979 614 2049 oblata
636 2005 668 2060 a,
692 2007 766 2049 non
786 1981 1010 2077 interpretata
1034 2007 1106 2051 sese
1123 2007 1193 2076 pra·

140 2117 232 2185 here.
250 2115 354 2184 Verbi
372 2113 493 2208 gratia,
511 2115 740 2210 quamobrem
752 2115 1006 2210 Europaeorum
1017 2128 1106 2185 artes
1120 2125 1193 2184 cete-

141 2276 259 2318 rarum
278 2248 437 2343 gentium
451 2248 583 2318 artibus
603 2248 706 2342 longe
719 2259 884 2344 praestent
894 2275 966 2318 non
977 2260 1092 2344 potest
1109 2246 1194 2316 intcl·

140 2383 200 2478 ligi
211 2383 279 2452 nisi
290 2409 408 2452 rerum
420 2383 560 2452 fortuita
570 2382 798 2476 congruentia
808 2409 876 2479 qua
891 2382 928 2450 in
942 2383 1093 2478 Europa,
1107 2381 1193 2450 idest
1228 2460 1231 2503 ⁴

139 2519 176 2586 in
188 2518 285 2588 terris
298 2517 449 2586 maxime
463 2517 573 2586 cultui
585 2517 871 2598 accommodatis,
882 2517 1074 2587 hominurn
1085 2541 1196 2612 genera
1229 2528 1231 2601 g

141 2652 385 2730 consederunt,
400 2651 613 2720 Semitumct
623 2650 845 2730 Arianorum,
859 2651 902 2720 ad
909 2622 1046 2722 cultum
1061 2650 1196 2720 maxime
1229 2632 1231 2705 l

141 2785 248 2880 apta².
272 2786 371 2864 Item,
392 2811 464 2854 non
483 2784 529 2853 ita
548 2784 722 2862 emendati
743 2795 776 2852 et
794 2785 936 2879 perfecti
960 2811 1077 2855 mores
1101 2781 1196 2854 nostri

141 2919 300 2998 fuissent,
331 2918 398 2987 nisi
426 2918 516 2987 inter
550 2916 776 2987 christianam
812 2917 1007 2987 doctrinam
1036 2931 1071 2989 et
1099 2919 1196 2988 Euro·

142 3079 297 3148 paearum
309 3052 467 3146 gentium
477 3051 633 3121 indolem
643 3051 1193 3148 quaedaminterfuissetcognatio.

143 3187 254 3281 Cujus
283 3187 499 3281 cognationis
532 3198 565 3256 ct
593 3186 832 3280 congruentias
861 3197 899 3254 ut
926 3185 1013 3255 ratio
1046 3185 1198 3255 reddatur

143 3320 228 3389 adeo
250 3321 324 3389 fieri
349 3346 420 3389 non
440 3346 542 3416 posse
563 3320 764 3390 Cournotus
787 3332 885 3416 putat
905 3332 944 3390 ut
963 3345 1020 3389 eas
1040 3316 1198 3389 miraculo

142 3455 280 3523 cuidam
300 3454 415 3550 potius
435 3481 541 3551 quarn
568 3455 763 3524 necessitati
785 3455 959 3549 assignare
985 3453 1100 3524 velit³.
1126 3453 1199 3522 Haec

143 3601 223 3658 sunt
238 3589 473 3658 Providentiae
488 3589 637 3668 latentis,
661 3589 777 3685 potius
798 3617 904 3685 quam
923 3588 1074 3686 patentis
1095 3587 1200 3657 Ratio-

181 3852 205 3899 ’1.
229 3847 343 3900 ΜανεΙιθ
357 3847 408 3900 des
426 3847 517 3907 Ide'es,
535 3850 555 3905 1,
571 3849 643 3918 chap.
665 3851 694 3906 =1;
712 3848 745 3901 ll.
763 3849 835 3918 cbap.
854 3851 879 3899 5.

181 3943 207 3992 2.
229 3936 402 4007 lbid.,11,p.
417 3939 542 3991 aaa-369.

185 4031 209 4080 3.
232 4025 316 4089 leid,
331 4026 364 4088 ll,
381 4045 398 4098 p
425 4027 485 4080 414.
