2684 4896
262 107 372 203 Cujus
391 106 623 204 philosophiae
649 106 728 176 licet
748 107 859 176 theses
881 107 1099 177 secundarius
1128 108 1183 176 rel
1207 109 1281 204 ipsa

212 241 384 338 principia
399 240 568 310 infiticris.
593 240 697 310 Verbi
722 241 841 333 gratia,
858 242 933 310 fieri
952 253 1066 337 potest
1079 269 1152 312 non
1174 243 1280 312 modo

214 386 263 454 ut,
283 374 435 445 scientiis
450 373 623 444 historicis
644 374 681 442 in
696 373 769 443 dies
784 374 1099 470 progredientibus
1118 375 1156 444 in
1177 402 1279 446 evcn-

216 520 330 577 torum
364 508 598 604 quorumdam
632 508 859 578 aestimatione
887 509 1090 578 Cournotus
1122 510 1279 580 videatur

213 642 392 721 erravisse,
406 641 577 711 sedetiam
591 655 641 722 ut,
655 642 807 712 scientiis
822 642 1035 712 naturalibus
1047 643 1141 713 haud
1152 644 1278 740 impari

213 776 323 871 gradu
355 775 674 872 progredientibus,
703 776 867 845 cumdem
903 777 1119 847 demonstres
1151 803 1170 847 «
1199 778 1279 847 rita·

213 911 316 980 lismo
337 934 356 979 i)
374 909 526 977 nimium
542 909 739 979 credidisse.
763 911 852 988 lmo,
876 922 957 979 sunt
971 911 1099 1007 quihus
1115 911 1277 980 Fortuna

214 1043 333 1119 nimis,
366 1043 504 1113 Rationi
536 1069 618 1112 vero
645 1069 716 1113 non
750 1020 846 1112 satis¹
863 1043 983 1114 stabile
1010 1044 1280 1114 fundamentum

214 1178 338 1247 Noster
355 1177 490 1248 dedisse
510 1176 679 1247 videatur.

263 1312 371 1380 Nobis
412 1337 494 1381 vero
536 1311 620 1381 tales
668 1312 918 1408 disputationes
956 1312 1129 1382 declinare
1165 1311 1278 1392 liceat,

214 1456 333 1541 utpote
355 1472 433 1541 quae
455 1445 498 1514 ad
523 1457 682 1535 nostrum
708 1446 926 1542 propositum
952 1473 1024 1516 non
1049 1447 1165 1516 statim
1189 1473 1290 1542 spec-

218 1591 316 1650 tent:
346 1579 389 1648 ad
422 1579 645 1674 sociologicas
675 1591 810 1649 tantum
837 1581 997 1650 scientias
1021 1581 1292 1651 constituendas

217 1713 315 1784 utilia
340 1724 511 1810 praecepta
533 1713 696 1783 volumus
723 1741 764 1783 cx
790 1715 848 1784 illa
879 1715 1100 1812 philosophia
1126 1716 1288 1786 haurire.

219 1848 323 1937 Quod
342 1859 458 1916 autem
473 1847 516 1916 ad
528 1848 641 1917 theses
658 1847 876 1917 secundarios
892 1849 1024 1929 attinet,
1043 1850 1179 1920 etiamsi
1193 1851 1303 1920 hano

219 1993 279 2052 aut
292 1981 387 2050 illam
402 1981 524 2050 falsam
538 2007 609 2051 esse
620 1982 781 2078 patuerit,
801 1983 867 2052 hoo
882 1983 958 2078 ipso
970 2010 1041 2052 non
1057 1985 1304 2055 manifestum

221 2117 285 2186 erit
299 2115 508 2185 methodum
528 2143 546 2184 a
566 2116 691 2185 Nostro
710 2116 884 2186 laudatam
905 2116 1057 2186 sterilem
1075 2129 1135 2186 aut
1149 2119 1309 2213 pericn-

221 2251 331 2320 losam
347 2275 432 2319 esse.
451 2251 539 2330 hnc,
559 2250 633 2346 ejus
649 2250 807 2320 methodi
824 2251 975 2346 pretium
991 2277 1009 2320 c
1023 2251 1309 2347 philosophico-

224 2411 302 2453 rum
322 2384 578 2480 principiorum
591 2384 713 2480 pretio,
728 2411 806 2480 quer
822 2385 946 2454 Noster
960 2385 1130 2481 probavit,
1145 2412 1302 2455 nonne-

224 2517 1205 2612 cessariopeuderevidotur.Fortunrrenimvimetiamsi
1217 2519 1294 2588 ima

223 2679 341 2722 rerum
361 2651 595 2746 metaphysica
618 2651 768 2747 quadarn
785 2652 915 2720 rationo
927 2653 1066 2747 penitus
1088 2653 1287 2749 inspicienti

224 2787 267 2856 ad
278 2785 1278 2882 nihilumsitredigcnda,concedessauephaenomcnorum

226 2919 493 2990 concursionem
519 2919 770 3014 inexspectatus
800 2946 956 2990 exercerc
985 2921 1148 3000 effectus;
1175 2922 1220 2992 ita
1245 2930 1276 2989 nt

227 3054 287 3150 qui
301 3053 617 3149 phaenomenorum
629 3053 721 3148 leges
735 3053 921 3124 scientifice
934 3055 1164 3126 determinare
1177 3053 1270 3151 cupit,
1340 3067 1342 3094 ¹

225 3188 267 3257 dc
283 3187 430 3266 casibus,
450 3187 638 3282 majoribus
659 3187 713 3256 vet
732 3187 940 3266 minorihus,
964 3188 1135 3259 rationem
1163 3189 1271 3260 hahere

225 3322 346 3391 debeat
373 3321 416 3389 ad
445 3347 568 3389 corum
595 3321 736 3390 effectus
756 3321 947 3390 ciidendos.
976 3323 1222 3411 Quamobrem,
1242 3331 1271 3389 ut
1315 3364 1318 3369 -

227 3455 451 3549 sociologicas
467 3453 625 3524 scientias
636 3455 902 3535 constituamus,
918 3456 1014 3526 nullo
1029 3458 1135 3527 modo
1150 3478 1270 3527 necesse
1333 3467 1335 3471 ’

228 3603 279 3662 est
298 3616 361 3659 nos
380 3589 574 3660 doctrinam
589 3589 685 3659 illam
702 3590 872 3661 Cournoti
893 3601 1102 3689 retorquere,
1122 3618 1189 3691 qua
1202 3591 1268 3659 For-
