2684 4896
587 330 728 382 „37-

140 476 245 536 tunam
276 464 376 562 quasi
413 465 450 534 in
488 464 678 535 visceribus
715 489 832 534 rerum
868 462 1074 540 collocavit3
1106 461 1190 531 libet

140 598 269 694 potiusa
290 598 424 668 fortiori
444 597 652 668 concludere
672 597 832 667 scientias
862 596 936 666 illas
961 596 1060 666 valde
1079 595 1188 692 possi-

97 734 99 813 ]
141 731 208 802 biles
222 729 343 812 videri,
368 733 535 828 quoniam
551 732 796 828 philosophus
820 731 881 828 qui
897 730 1084 799 niaxirnani
1105 729 1187 798 For-

141 876 215 935 tunae
228 866 377 936 contulit
395 867 648 947 auctoritatem,
671 892 727 936 eas
747 865 840 935 baud
861 863 1095 966 impossibiles
1116 889 1189 933 csse

142 999 387 1070 demonstravit.

651 1265 662 1296 lt

625 1334 636 1361 1
675 1332 687 1361 ἢ

179 1535 348 1631 Praecepta
368 1561 463 1611 sero,
481 1561 558 1629 qua·
584 1533 702 1602 axilla
725 1534 946 1630 philosophia
967 1535 1187 1615 retinuimus

144 1679 295 1762 quantum
314 1667 462 1746 valeant,
487 1667 629 1736 historia
640 1667 714 1762 ipsa
730 1667 1017 1762 sociologicarunr
1033 1668 1190 1738 scicntia·

144 1825 217 1880 runi,
253 1812 374 1871 nostro
406 1801 550 1897 quidern
588 1800 727 1879 sarculo,
764 1801 843 1870 satis
881 1828 1053 1897 superque
1075 1801 1186 1871 docet.

146 1933 262 2022 Quibus
291 1936 345 2004 bue
368 1935 519 2004 scientiae
546 1946 716 2030 promotae
746 1946 827 2002 sunt
853 1961 956 2029 opera
985 1934 1191 2029 dignissima

145 2069 294 2138 memoria
327 2079 442 2169 repete
472 2068 620 2137 animo:
651 2067 746 2136 haud
775 2067 924 2136 dubium
949 2067 1034 2163 quin
1065 2067 1190 2138 sentias

144 2221 246 2291 eorum
260 2202 424 2298 pleraque
438 2201 630 2297 praeceptis
645 2228 723 2297 quae
736 2199 901 2276 diximus,
916 2200 1076 2270 obsecuta
1092 2227 1164 2270 esso
1180 2228 1186 2270 :

142 2335 355 2431 exquisitione
371 2346 578 2405 eventorum
599 2334 786 2429 rnajoruin,
806 2333 931 2402 deinde
946 2334 1063 2427 legum
1080 2334 1188 2430 enipi·

139 2463 285 2546 ricaruni,
307 2468 457 2565 denique
477 2468 595 2564 legum
612 2467 846 2547 rationalium,
875 2467 1026 2537 scientia*
1047 2467 1189 2537 sociolo-

138 2598 208 2686 gicae
223 2613 321 2671 aetate
341 2613 458 2671 nostra
472 2627 664 2697 progressas
684 2612 776 2669 sunt.

176 2732 273 2804 Verbi
289 2734 396 2829 gratia
412 2761 479 2830 qua
495 2733 596 2803 laude
609 2759 648 2802 ac
663 2733 789 2802 virtute
805 2759 927 2803 eorurn
941 2734 1187 2803 historicorum

135 2865 248 2957 quibus
263 2868 498 2964 Tocqueville,
530 2868 666 2947 Guizot,
691 2867 809 2936 Fustel
835 2867 877 2936 de
900 2868 1096 2960 Coulangcs
1124 2896 1186 2938 no-

135 2997 218 3071 mina
241 3001 463 3095 assignantur
486 3028 590 3096 opera
614 3001 767 3070 eminere
792 3013 905 3096 putaS,
929 3001 1036 3070 veluti
1060 3002 1185 3070 nostris

135 3130 274 3203 scientiis
288 3135 439 3204 maxime
459 3135 663 3229 prolatant
683 3133 750 3202 nisi
770 3133 865 3229 quod
888 3133 939 3202 illi
958 3135 1047 3204 inter
1066 3147 1187 3205 eventa

135 3260 336 3364 distinguere
373 3269 844 3339 assueverunt..1ninoribus
867 3281 900 3338 et
929 3266 1186 3339 transeuntibus

135 3401 254 3497 majora
287 3415 320 3473 ct
347 3403 586 3498 permanentia
605 3416 826 3499 anteponere,
863 3429 925 3472 nec
955 3415 1022 3472 tarn
1060 3430 1186 3498 opno-

97 3616 99 3635 2
133 3525 249 3606 liorum
276 3536 420 3607 fortuito
445 3563 619 3608 successu.
648 3565 665 3606 e
692 3563 815 3629 regum
841 3537 952 3607 subita
975 3537 1180 3618 mutatione,

134 3686 369 3765 &magnorum
389 3671 545 3766 ipsorurn
562 3672 717 3740 virorum
739 3672 968 3768 inexspectata
988 3673 1184 3767 praestantia

97 3838 100 3885 i
134 3820 227 3891 quani
246 3833 264 3874 e
285 3804 533 3882 communibus
553 3817 586 3873 rt
605 3806 747 3874 annosis
772 3805 1010 3900 opinionibus,
1039 3832 1056 3874 c
1081 3808 1184 3874 inori-

97 3922 102 4047 l
135 3923 189 4003 l)us
202 3936 424 4032 pervulgatis,
443 3964 484 4006 cx
500 3937 665 4007 institutis
681 3938 819 4007 diverso
840 3940 944 4009 inodo
964 3939 1178 4036 compositis.
