<?xml version="1.0" encoding="UTF-8"?>
<!DOCTYPE html PUBLIC "-//W3C//DTD XHTML 1.0 Transitional//EN"
    "http://www.w3.org/TR/xhtml1/DTD/xhtml1-transitional.dtd">
<html xmlns="http://www.w3.org/1999/xhtml" xml:lang="en" lang="en">
 <head>
  <title>
</title>
<meta http-equiv="Content-Type" content="text/html;charset=utf-8" />
  <meta name='ocr-system' content='tesseract 3.04.00' />
  <meta name='ocr-capabilities' content='ocr_page ocr_carea ocr_par ocr_line ocrx_word'/>
</head>
<body>
  <div class='ocr_page' id='page_1' title='image "./quidecournotidi00bouggoog_0014.png"; bbox 0 0 2684 4896; ppageno 0'>
   <div class='ocr_carea' id='block_1_1' title="bbox 531 383 654 408">
    <p class='ocr_par' dir='ltr' id='par_1_1' title="bbox 531 383 654 408">
     <span class='ocr_line' id='line_1_1' title="bbox 531 383 654 408; baseline 0.016 -14"><span class='ocrx_word' id='word_1_1' title='bbox 531 383 654 408; x_wconf 71' lang='lat'><strong>..,...</strong></span> 
     </span>
    </p>
   </div>
   <div class='ocr_carea' id='block_1_2' title="bbox 57 485 1119 585">
    <p class='ocr_par' dir='ltr' id='par_1_2' title="bbox 57 485 1119 585">
     <span class='ocr_line' id='line_1_2' title="bbox 57 485 1119 585; baseline 0.009 -32"><span class='ocrx_word' id='word_1_2' title='bbox 57 485 164 555; x_wconf 76' lang='lat' dir='ltr'><strong>vitam</strong></span> <span class='ocrx_word' id='word_1_3' title='bbox 177 485 337 566; x_wconf 89' lang='lat' dir='ltr'><strong>attinent,</strong></span> <span class='ocrx_word' id='word_1_4' title='bbox 352 487 500 583; x_wconf 68' lang='lat' dir='ltr'><strong>aequales</strong></span> <span class='ocrx_word' id='word_1_5' title='bbox 511 499 648 559; x_wconf 88' lang='lat' dir='ltr'><strong>nostros</strong></span> <span class='ocrx_word' id='word_1_6' title='bbox 659 490 808 559; x_wconf 87' lang='lat' dir='ltr'><strong>maxime</strong></span> <span class='ocrx_word' id='word_1_7' title='bbox 818 492 934 585; x_wconf 80' lang='lat' dir='ltr'><strong>sugere</strong></span> <span class='ocrx_word' id='word_1_8' title='bbox 945 492 1119 563; x_wconf 77' lang='lat' dir='ltr'><strong>ridentur.</strong></span> 
     </span>
    </p>
   </div>
   <div class='ocr_carea' id='block_1_3' title="bbox 59 619 1121 723">
    <p class='ocr_par' dir='ltr' id='par_1_3' title="bbox 59 619 1121 723">
     <span class='ocr_line' id='line_1_3' title="bbox 59 619 1121 723; baseline 0.008 -35"><span class='ocrx_word' id='word_1_9' title='bbox 59 619 148 688; x_wconf 88' lang='lat' dir='ltr'><strong>Raro</strong></span> <span class='ocrx_word' id='word_1_10' title='bbox 168 619 264 688; x_wconf 92' lang='lat' dir='ltr'><strong>enim</strong></span> <span class='ocrx_word' id='word_1_11' title='bbox 284 620 353 716; x_wconf 56' lang='lat' dir='ltr'><strong>qui,</strong></span> <span class='ocrx_word' id='word_1_12' title='bbox 370 621 413 691; x_wconf 88' lang='lat' dir='ltr'><strong>de</strong></span> <span class='ocrx_word' id='word_1_13' title='bbox 437 621 589 692; x_wconf 81' lang='lat' dir='ltr'>scientiis</span> <span class='ocrx_word' id='word_1_14' title='bbox 613 622 786 694; x_wconf 81' lang='lat' dir='ltr'><strong>historicis</strong></span> <span class='ocrx_word' id='word_1_15' title='bbox 805 638 913 720; x_wconf 86' lang='lat' dir='ltr'><strong>agunt</strong></span> <span class='ocrx_word' id='word_1_16' title='bbox 932 625 1121 723; x_wconf 85' lang='lat' dir='ltr'><strong>quicquam</strong></span> 
     </span>
    </p>
   </div>
   <div class='ocr_carea' id='block_1_4' title="bbox 58 753 1125 988">
    <p class='ocr_par' dir='ltr' id='par_1_4' title="bbox 58 753 1125 988">
     <span class='ocr_line' id='line_1_4' title="bbox 58 753 1123 852; baseline 0.005 -29"><span class='ocrx_word' id='word_1_17' title='bbox 58 779 77 823; x_wconf 89' lang='lat' dir='ltr'><strong>a</strong></span> <span class='ocrx_word' id='word_1_18' title='bbox 106 753 347 824; x_wconf 88' lang='lat' dir='ltr'><strong>Cournotiana</strong></span> <span class='ocrx_word' id='word_1_19' title='bbox 372 755 593 852; x_wconf 80' lang='lat' dir='ltr'><strong>philosophia</strong></span> <span class='ocrx_word' id='word_1_20' title='bbox 618 759 794 827; x_wconf 88' lang='lat' dir='ltr'><strong>sumunt¹.</strong></span> <span class='ocrx_word' id='word_1_21' title='bbox 826 759 866 827; x_wconf 89' lang='lat' dir='ltr'><strong>ln</strong></span> <span class='ocrx_word' id='word_1_22' title='bbox 893 760 957 829; x_wconf 90' lang='lat' dir='ltr'><strong>hac</strong></span> <span class='ocrx_word' id='word_1_23' title='bbox 981 772 1041 829; x_wconf 86' lang='lat' dir='ltr'><strong>aut</strong></span> <span class='ocrx_word' id='word_1_24' title='bbox 1064 760 1123 828; x_wconf 87' lang='lat' dir='ltr'><strong>illa</strong></span> 
     </span>
     <span class='ocr_line' id='line_1_5' title="bbox 59 886 1125 988; baseline 0.007 -33"><span class='ocrx_word' id='word_1_25' title='bbox 59 886 350 981; x_wconf 82' lang='lat' dir='ltr'><strong>sociologicarum</strong></span> <span class='ocrx_word' id='word_1_26' title='bbox 376 888 613 959; x_wconf 72' lang='lat' dir='ltr'><strong>doctrinarum</strong></span> <span class='ocrx_word' id='word_1_27' title='bbox 634 886 847 970; x_wconf 82' lang='lat' dir='ltr'><strong>recensione,</strong></span> <span class='ocrx_word' id='word_1_28' title='bbox 866 892 902 960; x_wconf 92' lang='lat' dir='ltr'><strong>in</strong></span> <span class='ocrx_word' id='word_1_29' title='bbox 916 919 984 988; x_wconf 90' lang='lat' dir='ltr'><strong>qua</strong></span> <span class='ocrx_word' id='word_1_30' title='bbox 998 894 1125 962; x_wconf 91' lang='lat' dir='ltr'><strong>tenuis-</strong></span> 
     </span>
    </p>
   </div>
   <div class='ocr_carea' id='block_1_5' title="bbox 59 1021 1118 1118">
    <p class='ocr_par' dir='ltr' id='par_1_5' title="bbox 59 1021 1118 1118">
     <span class='ocr_line' id='line_1_6' title="bbox 59 1021 1118 1118; baseline 0.006 -29"><span class='ocrx_word' id='word_1_31' title='bbox 59 1021 232 1090; x_wconf 92' lang='lat' dir='ltr'><strong>simorum</strong></span> <span class='ocrx_word' id='word_1_32' title='bbox 264 1021 472 1118; x_wconf 89' lang='lat' dir='ltr'><strong>scriptorum</strong></span> <span class='ocrx_word' id='word_1_33' title='bbox 494 1025 638 1094; x_wconf 83' lang='lat' dir='ltr'><strong>nomina</strong></span> <span class='ocrx_word' id='word_1_34' title='bbox 657 1025 1118 1106; x_wconf 87' lang='lat' dir='ltr'><strong>liberaliterenumerantur,</strong></span> 
     </span>
    </p>
   </div>
   <div class='ocr_carea' id='block_1_6' title="bbox 57 1155 825 1255">
    <p class='ocr_par' dir='ltr' id='par_1_6' title="bbox 57 1155 825 1255">
     <span class='ocr_line' id='line_1_7' title="bbox 57 1155 825 1255; baseline 0.008 -32"><span class='ocrx_word' id='word_1_35' title='bbox 57 1155 117 1224; x_wconf 88' lang='lat' dir='ltr'><strong>vix</strong></span> <span class='ocrx_word' id='word_1_36' title='bbox 133 1181 276 1225; x_wconf 89' lang='lat' dir='ltr'><strong>nomem</strong></span> <span class='ocrx_word' id='word_1_37' title='bbox 293 1156 465 1226; x_wconf 85' lang='lat' dir='ltr'><strong>Cournoti</strong></span> <span class='ocrx_word' id='word_1_38' title='bbox 484 1157 628 1228; x_wconf 88' lang='lat' dir='ltr'><strong>citatum</strong></span> <span class='ocrx_word' id='word_1_39' title='bbox 645 1160 792 1255; x_wconf 84' lang='lat' dir='ltr'><strong>reperias</strong></span> <span class='ocrx_word' id='word_1_40' title='bbox 803 1160 825 1228; x_wconf 66' lang='lat'><strong>⁹.</strong></span> 
     </span>
    </p>
   </div>
   <div class='ocr_carea' id='block_1_7' title="bbox 58 1289 1125 1788">
    <p class='ocr_par' dir='ltr' id='par_1_7' title="bbox 58 1289 1125 1788">
     <span class='ocr_line' id='line_1_8' title="bbox 108 1289 1124 1391; baseline 0.005 -34"><span class='ocrx_word' id='word_1_41' title='bbox 108 1289 160 1358; x_wconf 87' lang='lat' dir='ltr'><strong>Ex</strong></span> <span class='ocrx_word' id='word_1_42' title='bbox 183 1316 253 1386; x_wconf 93' lang='lat' dir='ltr'><strong>quo</strong></span> <span class='ocrx_word' id='word_1_43' title='bbox 268 1289 460 1385; x_wconf 84' lang='lat' dir='ltr'><strong>intelligere</strong></span> <span class='ocrx_word' id='word_1_44' title='bbox 474 1292 548 1387; x_wconf 88' lang='lat' dir='ltr'><strong>jam</strong></span> <span class='ocrx_word' id='word_1_45' title='bbox 569 1293 659 1371; x_wconf 89' lang='lat' dir='ltr'><strong>licet,</strong></span> <span class='ocrx_word' id='word_1_46' title='bbox 686 1295 915 1391; x_wconf 87' lang='lat' dir='ltr'><strong>quamohrem</strong></span> <span class='ocrx_word' id='word_1_47' title='bbox 936 1295 998 1363; x_wconf 90' lang='lat' dir='ltr'><strong>has</strong></span> <span class='ocrx_word' id='word_1_48' title='bbox 1017 1293 1124 1389; x_wconf 88' lang='lat' dir='ltr'><strong>potis-</strong></span> 
     </span>
     <span class='ocr_line' id='line_1_9' title="bbox 58 1422 1124 1522; baseline 0.003 -30"><span class='ocrx_word' id='word_1_49' title='bbox 58 1422 192 1492; x_wconf 87' lang='lat' dir='ltr'><strong>simum</strong></span> <span class='ocrx_word' id='word_1_50' title='bbox 209 1424 379 1493; x_wconf 82' lang='lat' dir='ltr'><strong>Cournoti</strong></span> <span class='ocrx_word' id='word_1_51' title='bbox 394 1424 591 1519; x_wconf 85' lang='lat' dir='ltr'><strong>opiniones,</strong></span> <span class='ocrx_word' id='word_1_52' title='bbox 615 1453 692 1522; x_wconf 68' lang='lat' dir='ltr'><strong>quse</strong></span> <span class='ocrx_word' id='word_1_53' title='bbox 712 1428 747 1495; x_wconf 92' lang='lat' dir='ltr'><strong>in</strong></span> <span class='ocrx_word' id='word_1_54' title='bbox 777 1427 994 1522; x_wconf 84' lang='lat' dir='ltr'><strong>sociologieis</strong></span> <span class='ocrx_word' id='word_1_55' title='bbox 1021 1427 1124 1496; x_wconf 88' lang='lat' dir='ltr'><strong>rebus</strong></span> 
     </span>
     <span class='ocr_line' id='line_1_10' title="bbox 59 1557 1122 1654; baseline 0.001 -29"><span class='ocrx_word' id='word_1_56' title='bbox 59 1568 255 1636; x_wconf 80' lang='lat' dir='ltr'><strong>versantur,</strong></span> <span class='ocrx_word' id='word_1_57' title='bbox 286 1557 433 1627; x_wconf 88' lang='lat' dir='ltr'><strong>retinere</strong></span> <span class='ocrx_word' id='word_1_58' title='bbox 458 1559 641 1654; x_wconf 87' lang='lat' dir='ltr'><strong>cupiamus</strong></span> <span class='ocrx_word' id='word_1_59' title='bbox 666 1570 699 1629; x_wconf 90' lang='lat' dir='ltr'><strong>et</strong></span> <span class='ocrx_word' id='word_1_60' title='bbox 723 1559 765 1630; x_wconf 84' lang='lat' dir='ltr'><strong>ad</strong></span> <span class='ocrx_word' id='word_1_61' title='bbox 787 1560 902 1629; x_wconf 91' lang='lat' dir='ltr'><strong>lucem</strong></span> <span class='ocrx_word' id='word_1_62' title='bbox 934 1559 1122 1629; x_wconf 88' lang='lat' dir='ltr'><strong>reducere:</strong></span> 
     </span>
     <span class='ocr_line' id='line_1_11' title="bbox 58 1691 1125 1788; baseline 0 -29"><span class='ocrx_word' id='word_1_63' title='bbox 58 1701 182 1785; x_wconf 87' lang='lat' dir='ltr'><strong>utpote</strong></span> <span class='ocrx_word' id='word_1_64' title='bbox 206 1717 284 1786; x_wconf 82' lang='lat' dir='ltr'><strong>quae</strong></span> <span class='ocrx_word' id='word_1_65' title='bbox 309 1691 423 1770; x_wconf 87' lang='lat' dir='ltr'><strong>nohis,</strong></span> <span class='ocrx_word' id='word_1_66' title='bbox 454 1719 536 1762; x_wconf 92' lang='lat' dir='ltr'><strong>cum</strong></span> <span class='ocrx_word' id='word_1_67' title='bbox 567 1693 713 1763; x_wconf 90' lang='lat' dir='ltr'><strong>minime</strong></span> <span class='ocrx_word' id='word_1_68' title='bbox 736 1693 885 1788; x_wconf 64' lang='lat' dir='ltr'><strong>vulgatae</strong></span> <span class='ocrx_word' id='word_1_69' title='bbox 918 1719 1006 1772; x_wconf 91' lang='lat' dir='ltr'><strong>esse,</strong></span> <span class='ocrx_word' id='word_1_70' title='bbox 1049 1703 1125 1787; x_wconf 87' lang='lat' dir='ltr'><strong>tum</strong></span> 
     </span>
    </p>
   </div>
   <div class='ocr_carea' id='block_1_8' title="bbox 62 1824 854 1920">
    <p class='ocr_par' dir='ltr' id='par_1_8' title="bbox 62 1824 854 1920">
     <span class='ocr_line' id='line_1_12' title="bbox 62 1824 854 1920; baseline 0.004 -27"><span class='ocrx_word' id='word_1_71' title='bbox 62 1824 216 1893; x_wconf 84' lang='lat' dir='ltr'><strong>maxima</strong></span> <span class='ocrx_word' id='word_1_72' title='bbox 229 1824 376 1895; x_wconf 83' lang='lat' dir='ltr'><strong>utilitate</strong></span> <span class='ocrx_word' id='word_1_73' title='bbox 396 1825 576 1920; x_wconf 78' lang='lat' dir='ltr'><strong>vulgatum</strong></span> <span class='ocrx_word' id='word_1_74' title='bbox 597 1828 638 1896; x_wconf 90' lang='lat' dir='ltr'><strong>iri</strong></span> <span class='ocrx_word' id='word_1_75' title='bbox 659 1827 854 1898; x_wconf 86' lang='lat' dir='ltr'><strong>videantur.</strong></span> 
     </span>
    </p>
   </div>
   <div class='ocr_carea' id='block_1_9' title="bbox 60 2053 1136 3642">
    <p class='ocr_par' dir='ltr' id='par_1_9' title="bbox 60 2053 1133 3105">
     <span class='ocr_line' id='line_1_13' title="bbox 98 2053 1128 2126; baseline -0.001 -22"><span class='ocrx_word' id='word_1_76' title='bbox 98 2057 123 2105; x_wconf 91' lang='lat'><strong>1.</strong></span> <span class='ocrx_word' id='word_1_77' title='bbox 145 2053 239 2124; x_wconf 81' lang='lat' dir='ltr'><strong>Excipe</strong></span> <span class='ocrx_word' id='word_1_78' title='bbox 259 2053 367 2114; x_wconf 81' lang='lat' dir='ltr'><strong>Tarde;</strong></span> <span class='ocrx_word' id='word_1_79' title='bbox 384 2055 458 2126; x_wconf 86' lang='lat' dir='ltr'><strong>cujus</strong></span> <span class='ocrx_word' id='word_1_80' title='bbox 472 2056 536 2108; x_wconf 90' lang='lat' dir='ltr'><strong>liber</strong></span> <span class='ocrx_word' id='word_1_81' title='bbox 546 2057 587 2107; x_wconf 88' lang='lat' dir='ltr'><strong>cui</strong></span> <span class='ocrx_word' id='word_1_82' title='bbox 602 2057 768 2108; x_wconf 86' lang='lat' dir='ltr'><strong>inscribitur:</strong></span> <span class='ocrx_word' id='word_1_83' title='bbox 788 2059 838 2109; x_wconf 83' lang='lat' dir='ltr'><strong>Les</strong></span> <span class='ocrx_word' id='word_1_84' title='bbox 854 2055 952 2109; x_wconf 82' lang='lat' dir='ltr'><strong>loisde</strong></span> <span class='ocrx_word' id='word_1_85' title='bbox 963 2055 1128 2108; x_wconf 82' lang='lat' dir='ltr'><strong>l’lmitotion</strong></span> 
     </span>
     <span class='ocr_line' id='line_1_14' title="bbox 62 2142 1128 2215; baseline 0 -23"><span class='ocrx_word' id='word_1_86' title='bbox 62 2166 76 2192; x_wconf 88' lang='lat'>«</span> <span class='ocrx_word' id='word_1_87' title='bbox 93 2144 121 2194; x_wconf 93' lang='lat' dir='ltr'><strong>in</strong></span> <span class='ocrx_word' id='word_1_88' title='bbox 136 2144 290 2195; x_wconf 84' lang='lat' dir='ltr'><strong>memoriam</strong></span> <span class='ocrx_word' id='word_1_89' title='bbox 303 2144 429 2196; x_wconf 86' lang='lat' dir='ltr'><strong>Cournoti</strong></span> <span class='ocrx_word' id='word_1_90' title='bbox 445 2165 458 2195; x_wconf 86' lang='grc'><strong>11</strong></span> <span class='ocrx_word' id='word_1_91' title='bbox 474 2146 631 2215; x_wconf 86' lang='lat' dir='ltr'><strong>compositus</strong></span> <span class='ocrx_word' id='word_1_92' title='bbox 646 2147 703 2197; x_wconf 83' lang='lat' dir='ltr'><strong>tuit.</strong></span> <span class='ocrx_word' id='word_1_93' title='bbox 720 2144 804 2197; x_wconf 85' lang='lat' dir='ltr'><strong>Verba</strong></span> <span class='ocrx_word' id='word_1_94' title='bbox 817 2144 945 2215; x_wconf 67' lang='lat' dir='ltr'><strong>prooemii,</strong></span> <span class='ocrx_word' id='word_1_95' title='bbox 962 2144 1055 2214; x_wconf 86' lang='lat' dir='ltr'><strong>quihus</strong></span> <span class='ocrx_word' id='word_1_96' title='bbox 1070 2142 1128 2212; x_wconf 92' lang='lat' dir='ltr'><strong>phi·</strong></span> 
     </span>
     <span class='ocr_line' id='line_1_15' title="bbox 60 2232 1127 2303; baseline -0.003 -19"><span class='ocrx_word' id='word_1_97' title='bbox 60 2233 185 2303; x_wconf 86' lang='lat' dir='ltr'><strong>losophus</strong></span> <span class='ocrx_word' id='word_1_98' title='bbox 198 2233 240 2284; x_wconf 84' lang='lat' dir='ltr'><strong>itte</strong></span> <span class='ocrx_word' id='word_1_99' title='bbox 255 2233 381 2285; x_wconf 91' lang='lat' dir='ltr'><strong>Cournoti</strong></span> <span class='ocrx_word' id='word_1_100' title='bbox 391 2234 525 2303; x_wconf 80' lang='lat' dir='ltr'><strong>ingenium</strong></span> <span class='ocrx_word' id='word_1_101' title='bbox 541 2234 676 2290; x_wconf 84' lang='lat' dir='ltr'><strong>collaudat.</strong></span> <span class='ocrx_word' id='word_1_102' title='bbox 691 2235 764 2285; x_wconf 84' lang='lat' dir='ltr'><strong>liceat</strong></span> <span class='ocrx_word' id='word_1_103' title='bbox 778 2235 803 2285; x_wconf 91' lang='lat' dir='ltr'><strong>in</strong></span> <span class='ocrx_word' id='word_1_104' title='bbox 814 2235 926 2285; x_wconf 89' lang='lat' dir='ltr'><strong>hocloco</strong></span> <span class='ocrx_word' id='word_1_105' title='bbox 941 2232 1108 2284; x_wconf 80' lang='lat' dir='ltr'><strong>transcribere</strong></span> <span class='ocrx_word' id='word_1_106' title='bbox 1122 2250 1127 2280; x_wconf 74' lang='grc' dir='ltr'>ε</span> 
     </span>
     <span class='ocr_line' id='line_1_16' title="bbox 62 2322 1129 2391; baseline -0.003 -19"><span class='ocrx_word' id='word_1_107' title='bbox 62 2343 77 2372; x_wconf 79' lang='lat' dir='ltr'><strong>a</strong></span> <span class='ocrx_word' id='word_1_108' title='bbox 99 2322 125 2374; x_wconf 90' lang='lat' dir='ltr'><strong>Si</strong></span> <span class='ocrx_word' id='word_1_109' title='bbox 142 2341 203 2373; x_wconf 90' lang='lat' dir='ltr'><strong>mon</strong></span> <span class='ocrx_word' id='word_1_110' title='bbox 216 2323 312 2374; x_wconf 74' lang='lat' dir='ltr'><strong>livre...</strong></span> <span class='ocrx_word' id='word_1_111' title='bbox 329 2323 390 2374; x_wconf 76' lang='lat' dir='ltr'><strong>etait</strong></span> <span class='ocrx_word' id='word_1_112' title='bbox 407 2324 456 2374; x_wconf 83' lang='lat' dir='ltr'><strong>mal</strong></span> <span class='ocrx_word' id='word_1_113' title='bbox 471 2324 593 2378; x_wconf 81' lang='lat' dir='ltr'><strong>accocilh.</strong></span> <span class='ocrx_word' id='word_1_114' title='bbox 612 2342 651 2374; x_wconf 88' lang='lat' dir='ltr'><strong>ma</strong></span> <span class='ocrx_word' id='word_1_115' title='bbox 666 2323 783 2374; x_wconf 71' lang='lat' dir='ltr'><strong>dedicare</strong></span> <span class='ocrx_word' id='word_1_116' title='bbox 800 2323 945 2373; x_wconf 78' lang='lat' dir='ltr'><strong>m&#39;ott&#39;rirait</strong></span> <span class='ocrx_word' id='word_1_117' title='bbox 959 2325 973 2372; x_wconf 83' lang='grc'><strong>11</strong></span> <span class='ocrx_word' id='word_1_118' title='bbox 987 2338 1080 2391; x_wconf 89' lang='lat' dir='ltr'><strong>propos</strong></span> <span class='ocrx_word' id='word_1_119' title='bbox 1094 2338 1129 2370; x_wconf 91' lang='lat' dir='ltr'><strong>un</strong></span> 
     </span>
     <span class='ocr_line' id='line_1_17' title="bbox 63 2409 1131 2482; baseline -0.004 -20"><span class='ocrx_word' id='word_1_120' title='bbox 63 2433 77 2462; x_wconf 83' lang='lat' dir='ltr'><strong>t(</strong></span> <span class='ocrx_word' id='word_1_121' title='bbox 98 2413 168 2481; x_wconf 88' lang='lat' dir='ltr'><strong>sujet</strong></span> <span class='ocrx_word' id='word_1_122' title='bbox 179 2412 210 2462; x_wconf 89' lang='lat' dir='ltr'><strong>de</strong></span> <span class='ocrx_word' id='word_1_123' title='bbox 222 2411 389 2463; x_wconf 85' lang='lat' dir='ltr'><strong>consolation.</strong></span> <span class='ocrx_word' id='word_1_124' title='bbox 407 2412 445 2462; x_wconf 90' lang='lat' dir='ltr'><strong>En</strong></span> <span class='ocrx_word' id='word_1_125' title='bbox 460 2421 593 2481; x_wconf 85' lang='lat' dir='ltr'><strong>songeant,</strong></span> <span class='ocrx_word' id='word_1_126' title='bbox 608 2413 683 2469; x_wconf 86' lang='lat' dir='ltr'><strong>alors,</strong></span> <span class='ocrx_word' id='word_1_127' title='bbox 701 2431 752 2482; x_wconf 89' lang='lat' dir='ltr'><strong>que</strong></span> <span class='ocrx_word' id='word_1_128' title='bbox 764 2412 889 2467; x_wconf 84' lang='lat' dir='ltr'><strong>Cournot.</strong></span> <span class='ocrx_word' id='word_1_129' title='bbox 902 2430 929 2462; x_wconf 92' lang='lat' dir='ltr'><strong>ce</strong></span> <span class='ocrx_word' id='word_1_130' title='bbox 946 2409 1131 2462; x_wconf 80' lang='lat' dir='ltr'><strong>Sainte-Beurc</strong></span> 
     </span>
     <span class='ocr_line' id='line_1_18' title="bbox 63 2499 1131 2571; baseline -0.004 -19"><span class='ocrx_word' id='word_1_131' title='bbox 63 2523 77 2551; x_wconf 83' lang='grc'>0</span> <span class='ocrx_word' id='word_1_132' title='bbox 97 2501 130 2553; x_wconf 89' lang='grc'><strong>(10</strong></span> <span class='ocrx_word' id='word_1_133' title='bbox 137 2502 161 2553; x_wconf 89' lang='grc'><strong>11</strong></span> <span class='ocrx_word' id='word_1_134' title='bbox 171 2502 281 2571; x_wconf 85' lang='lat' dir='ltr'><strong>critique</strong></span> <span class='ocrx_word' id='word_1_135' title='bbox 292 2501 499 2571; x_wconf 84' lang='lat' dir='ltr'><strong>philosophique,</strong></span> <span class='ocrx_word' id='word_1_136' title='bbox 509 2509 549 2553; x_wconf 88' lang='lat' dir='ltr'><strong>ret</strong></span> <span class='ocrx_word' id='word_1_137' title='bbox 560 2503 639 2571; x_wconf 87' lang='lat' dir='ltr'><strong>esprit</strong></span> <span class='ocrx_word' id='word_1_138' title='bbox 652 2502 718 2552; x_wconf 85' lang='lat' dir='ltr'><strong>aussi</strong></span> <span class='ocrx_word' id='word_1_139' title='bbox 731 2501 840 2570; x_wconf 81' lang='lat' dir='ltr'><strong>original</strong></span> <span class='ocrx_word' id='word_1_140' title='bbox 850 2519 900 2570; x_wconf 84' lang='lat' dir='ltr'><strong>que</strong></span> <span class='ocrx_word' id='word_1_141' title='bbox 910 2500 1051 2570; x_wconf 80' lang='lat' dir='ltr'><strong>judicieur,</strong></span> <span class='ocrx_word' id='word_1_142' title='bbox 1064 2499 1131 2549; x_wconf 80' lang='lat' dir='ltr'><strong>aussi</strong></span> 
     </span>
     <span class='ocr_line' id='line_1_19' title="bbox 63 2586 1129 2661; baseline 0 -20"><span class='ocrx_word' id='word_1_143' title='bbox 63 2613 77 2641; x_wconf 90' lang='lat'>«</span> <span class='ocrx_word' id='word_1_144' title='bbox 98 2591 353 2661; x_wconf 74' lang='lat' dir='ltr'><strong>encyclopediqueet</strong></span> <span class='ocrx_word' id='word_1_145' title='bbox 367 2591 620 2660; x_wconf 69' lang='lat' dir='ltr'><strong>comprehensisque</strong></span> <span class='ocrx_word' id='word_1_146' title='bbox 645 2593 789 2661; x_wconf 71' lang='lat' dir='ltr'><strong>penetrant,</strong></span> <span class='ocrx_word' id='word_1_147' title='bbox 814 2610 841 2642; x_wconf 91' lang='grc'><strong>00</strong></span> <span class='ocrx_word' id='word_1_148' title='bbox 856 2592 986 2659; x_wconf 71' lang='lat' dir='ltr'><strong>gdomctre</strong></span> <span class='ocrx_word' id='word_1_149' title='bbox 1010 2586 1129 2659; x_wconf 81' lang='lat' dir='ltr'><strong>profond.</strong></span> 
     </span>
     <span class='ocr_line' id='line_1_20' title="bbox 63 2679 1130 2749; baseline -0.006 -17"><span class='ocrx_word' id='word_1_150' title='bbox 63 2704 77 2729; x_wconf 90' lang='lat'>«</span> <span class='ocrx_word' id='word_1_151' title='bbox 98 2699 127 2732; x_wconf 84' lang='lat' dir='ltr'><strong>ce</strong></span> <span class='ocrx_word' id='word_1_152' title='bbox 142 2681 249 2749; x_wconf 78' lang='lat' dir='ltr'><strong>logicien</strong></span> <span class='ocrx_word' id='word_1_153' title='bbox 265 2681 325 2732; x_wconf 91' lang='lat' dir='ltr'><strong>hors</strong></span> <span class='ocrx_word' id='word_1_154' title='bbox 339 2680 416 2749; x_wconf 80' lang='lat' dir='ltr'><strong>ligne,</strong></span> <span class='ocrx_word' id='word_1_155' title='bbox 433 2688 472 2731; x_wconf 89' lang='lat' dir='ltr'><strong>cet</strong></span> <span class='ocrx_word' id='word_1_156' title='bbox 484 2681 638 2731; x_wconf 74' lang='lat' dir='ltr'><strong>economiste</strong></span> <span class='ocrx_word' id='word_1_157' title='bbox 651 2680 711 2730; x_wconf 91' lang='lat' dir='ltr'><strong>hors</strong></span> <span class='ocrx_word' id='word_1_158' title='bbox 725 2680 821 2738; x_wconf 81' lang='lat' dir='ltr'><strong>cadres,</strong></span> <span class='ocrx_word' id='word_1_159' title='bbox 836 2682 989 2749; x_wconf 77' lang='lat' dir='ltr'><strong>precurseur</strong></span> <span class='ocrx_word' id='word_1_160' title='bbox 1004 2679 1130 2728; x_wconf 76' lang='lat' dir='ltr'><strong>nidconnu</strong></span> 
     </span>
     <span class='ocr_line' id='line_1_21' title="bbox 64 2766 1132 2839; baseline -0.004 -19"><span class='ocrx_word' id='word_1_161' title='bbox 64 2791 78 2820; x_wconf 84' lang='grc'>0</span> <span class='ocrx_word' id='word_1_162' title='bbox 99 2769 144 2822; x_wconf 86' lang='lat' dir='ltr'><strong>des</strong></span> <span class='ocrx_word' id='word_1_163' title='bbox 169 2770 337 2822; x_wconf 72' lang='lat' dir='ltr'><strong>economistes</strong></span> <span class='ocrx_word' id='word_1_164' title='bbox 362 2788 504 2827; x_wconf 83' lang='lat' dir='ltr'><strong>noureaux,</strong></span> <span class='ocrx_word' id='word_1_165' title='bbox 529 2777 555 2820; x_wconf 88' lang='lat' dir='ltr'><strong>et</strong></span> <span class='ocrx_word' id='word_1_166' title='bbox 578 2788 643 2839; x_wconf 90' lang='lat' dir='ltr'><strong>pour</strong></span> <span class='ocrx_word' id='word_1_167' title='bbox 665 2777 721 2820; x_wconf 88' lang='lat' dir='ltr'><strong>tout</strong></span> <span class='ocrx_word' id='word_1_168' title='bbox 743 2769 808 2827; x_wconf 88' lang='lat' dir='ltr'><strong>dirc,</strong></span> <span class='ocrx_word' id='word_1_169' title='bbox 833 2777 873 2820; x_wconf 84' lang='lat' dir='ltr'><strong>cet</strong></span> <span class='ocrx_word' id='word_1_170' title='bbox 898 2769 1014 2838; x_wconf 76' lang='lat' dir='ltr'><strong>Auguste</strong></span> <span class='ocrx_word' id='word_1_171' title='bbox 1040 2766 1132 2818; x_wconf 85' lang='lat' dir='ltr'><strong>Comtc</strong></span> 
     </span>
     <span class='ocr_line' id='line_1_22' title="bbox 64 2854 1132 2928; baseline -0.005 -20"><span class='ocrx_word' id='word_1_172' title='bbox 64 2880 78 2909; x_wconf 90' lang='lat'>«</span> <span class='ocrx_word' id='word_1_173' title='bbox 99 2861 189 2928; x_wconf 71' lang='lat' dir='ltr'><strong>epure,</strong></span> <span class='ocrx_word' id='word_1_174' title='bbox 205 2858 341 2917; x_wconf 72' lang='lat' dir='ltr'><strong>condense,</strong></span> <span class='ocrx_word' id='word_1_175' title='bbox 354 2859 439 2917; x_wconf 73' lang='lat' dir='ltr'><strong>affine,</strong></span> <span class='ocrx_word' id='word_1_176' title='bbox 451 2877 465 2909; x_wconf 88' lang='grc'><strong>1</strong></span> <span class='ocrx_word' id='word_1_177' title='bbox 479 2865 548 2909; x_wconf 86' lang='lat' dir='ltr'><strong>toute</strong></span> <span class='ocrx_word' id='word_1_178' title='bbox 563 2876 589 2909; x_wconf 85' lang='lat' dir='ltr'><strong>sa</strong></span> <span class='ocrx_word' id='word_1_179' title='bbox 603 2858 642 2908; x_wconf 84' lang='lat' dir='ltr'><strong>rie</strong></span> <span class='ocrx_word' id='word_1_180' title='bbox 657 2860 733 2926; x_wconf 72' lang='lat' dir='ltr'><strong>pense</strong></span> <span class='ocrx_word' id='word_1_181' title='bbox 742 2857 804 2908; x_wconf 87' lang='lat' dir='ltr'><strong>dans</strong></span> <span class='ocrx_word' id='word_1_182' title='bbox 819 2857 926 2908; x_wconf 83' lang='lat' dir='ltr'><strong>l&#39;omhre</strong></span> <span class='ocrx_word' id='word_1_183' title='bbox 937 2864 962 2908; x_wconf 86' lang='lat' dir='ltr'><strong>et</strong></span> <span class='ocrx_word' id='word_1_184' title='bbox 973 2857 1037 2906; x_wconf 79' lang='lat' dir='ltr'><strong>n&#39;est</strong></span> <span class='ocrx_word' id='word_1_185' title='bbox 1048 2854 1132 2905; x_wconf 68' lang='lat' dir='ltr'><strong>memo</strong></span> 
     </span>
     <span class='ocr_line' id='line_1_23' title="bbox 64 2940 1133 3017; baseline -0.005 -21"><span class='ocrx_word' id='word_1_186' title='bbox 64 2968 79 2996; x_wconf 91' lang='lat'>«</span> <span class='ocrx_word' id='word_1_187' title='bbox 100 2966 145 3017; x_wconf 85' lang='lat' dir='ltr'><strong>pas</strong></span> <span class='ocrx_word' id='word_1_188' title='bbox 160 2949 211 2997; x_wconf 72' lang='lat' dir='ltr'><strong>tres</strong></span> <span class='ocrx_word' id='word_1_189' title='bbox 225 2965 310 2998; x_wconf 91' lang='lat' dir='ltr'><strong>connu</strong></span> <span class='ocrx_word' id='word_1_190' title='bbox 324 2946 414 3016; x_wconf 87' lang='lat' dir='ltr'><strong>depuis</strong></span> <span class='ocrx_word' id='word_1_191' title='bbox 428 2965 453 2997; x_wconf 84' lang='lat' dir='ltr'><strong>sa</strong></span> <span class='ocrx_word' id='word_1_192' title='bbox 466 2954 544 3003; x_wconf 82' lang='lat' dir='ltr'><strong>mort,</strong></span> <span class='ocrx_word' id='word_1_193' title='bbox 557 2953 687 2997; x_wconf 85' lang='lat' dir='ltr'><strong>comment</strong></span> <span class='ocrx_word' id='word_1_194' title='bbox 701 2945 831 3014; x_wconf 68' lang='lat' dir='ltr'><strong>ommis-je</strong></span> <span class='ocrx_word' id='word_1_195' title='bbox 842 2963 876 2995; x_wconf 92' lang='lat' dir='ltr'><strong>un</strong></span> <span class='ocrx_word' id='word_1_196' title='bbox 888 2944 949 3012; x_wconf 89' lang='lat' dir='ltr'><strong>jour</strong></span> <span class='ocrx_word' id='word_1_197' title='bbox 963 2962 1003 2994; x_wconf 89' lang='lat' dir='ltr'><strong>me</strong></span> <span class='ocrx_word' id='word_1_198' title='bbox 1018 2940 1133 3012; x_wconf 87' lang='lat' dir='ltr'><strong>plaindrc</strong></span> 
     </span>
     <span class='ocr_line' id='line_1_24' title="bbox 65 3023 1098 3105; baseline -0.005 -20"><span class='ocrx_word' id='word_1_199' title='bbox 65 3056 80 3085; x_wconf 91' lang='lat'>«</span> <span class='ocrx_word' id='word_1_200' title='bbox 100 3035 133 3087; x_wconf 87' lang='lat' dir='ltr'><strong>de</strong></span> <span class='ocrx_word' id='word_1_201' title='bbox 149 3035 247 3087; x_wconf 83' lang='lat' dir='ltr'><strong>n&#39;avoir</strong></span> <span class='ocrx_word' id='word_1_202' title='bbox 260 3053 304 3104; x_wconf 82' lang='lat' dir='ltr'><strong>pas</strong></span> <span class='ocrx_word' id='word_1_203' title='bbox 318 3035 419 3105; x_wconf 88' lang='lat' dir='ltr'><strong>euplus</strong></span> <span class='ocrx_word' id='word_1_204' title='bbox 433 3034 464 3086; x_wconf 87' lang='lat' dir='ltr'><strong>de</strong></span> <span class='ocrx_word' id='word_1_205' title='bbox 479 3035 583 3086; x_wconf 65' lang='lat' dir='ltr'><strong>succes?</strong></span> <span class='ocrx_word' id='word_1_206' title='bbox 609 3055 622 3083; x_wconf 89' lang='lat'>»</span> <span class='ocrx_word' id='word_1_207' title='bbox 1095 3023 1098 3028; x_wconf 62' lang='grc'><strong>’</strong></span> 
     </span>
    </p>

    <p class='ocr_par' dir='ltr' id='par_1_10' title="bbox 65 3117 1136 3642">
     <span class='ocr_line' id='line_1_25' title="bbox 101 3117 1130 3196; baseline -0.008 -20"><span class='ocrx_word' id='word_1_208' title='bbox 101 3127 128 3176; x_wconf 84' lang='lat'><strong>2.</strong></span> <span class='ocrx_word' id='word_1_209' title='bbox 147 3123 194 3175; x_wconf 84' lang='lat' dir='ltr'><strong>Ex.</strong></span> <span class='ocrx_word' id='word_1_210' title='bbox 211 3142 264 3193; x_wconf 75' lang='lat' dir='ltr'><strong>gr„</strong></span> <span class='ocrx_word' id='word_1_211' title='bbox 282 3125 308 3174; x_wconf 89' lang='lat' dir='ltr'><strong>in</strong></span> <span class='ocrx_word' id='word_1_212' title='bbox 323 3124 425 3175; x_wconf 74' lang='lat' dir='ltr'><strong>Birra.</strong></span> <span class='ocrx_word' id='word_1_213' title='bbox 444 3125 494 3176; x_wconf 82' lang='lat' dir='ltr'><strong>Die</strong></span> <span class='ocrx_word' id='word_1_214' title='bbox 508 3122 691 3196; x_wconf 78' lang='lat' dir='ltr'><strong>Philosopht&#39;c</strong></span> <span class='ocrx_word' id='word_1_215' title='bbox 713 3120 764 3172; x_wconf 85' lang='lat' dir='ltr'><strong>der</strong></span> <span class='ocrx_word' id='word_1_216' title='bbox 782 3119 944 3172; x_wconf 77' lang='lat' dir='ltr'><strong>(iesehirhte</strong></span> <span class='ocrx_word' id='word_1_217' title='bbox 969 3117 1013 3170; x_wconf 82' lang='lat' dir='ltr'><strong>als</strong></span> <span class='ocrx_word' id='word_1_218' title='bbox 1034 3117 1130 3170; x_wconf 83' lang='lat' dir='ltr'><strong>Socio-</strong></span> 
     </span>
     <span class='ocr_line' id='line_1_26' title="bbox 65 3204 1130 3282; baseline -0.008 -18"><span class='ocrx_word' id='word_1_219' title='bbox 65 3212 151 3282; x_wconf 82' lang='lat' dir='ltr'><strong>logie,</strong></span> <span class='ocrx_word' id='word_1_220' title='bbox 168 3212 189 3271; x_wconf 90' lang='grc' dir='ltr'><strong>Ι,</strong></span> <span class='ocrx_word' id='word_1_221' title='bbox 207 3211 317 3280; x_wconf 84' lang='lat' dir='ltr'><strong>Leipzig,</strong></span> <span class='ocrx_word' id='word_1_222' title='bbox 336 3215 413 3264; x_wconf 84' lang='lat'><strong>1897.</strong></span> <span class='ocrx_word' id='word_1_223' title='bbox 432 3242 461 3252; x_wconf 89' lang='lat'><em>-</em></span> <span class='ocrx_word' id='word_1_224' title='bbox 477 3213 567 3265; x_wconf 77' lang='lat' dir='ltr'><strong>Srem.</strong></span> <span class='ocrx_word' id='word_1_225' title='bbox 588 3211 638 3262; x_wconf 85' lang='lat' dir='ltr'><strong>Die</strong></span> <span class='ocrx_word' id='word_1_226' title='bbox 652 3209 758 3261; x_wconf 80' lang='grc'>1001010</span> <span class='ocrx_word' id='word_1_227' title='bbox 781 3211 874 3277; x_wconf 83' lang='lat' dir='ltr'><strong>Frage</strong></span> <span class='ocrx_word' id='word_1_228' title='bbox 900 3208 936 3259; x_wconf 87' lang='lat' dir='ltr'><strong>im</strong></span> <span class='ocrx_word' id='word_1_229' title='bbox 963 3205 1056 3258; x_wconf 68' lang='lat' dir='ltr'><strong>tte-tte</strong></span> <span class='ocrx_word' id='word_1_230' title='bbox 1078 3204 1130 3258; x_wconf 84' lang='lat' dir='ltr'><strong>der</strong></span> 
     </span>
     <span class='ocr_line' id='line_1_27' title="bbox 65 3294 1129 3370; baseline -0.009 -16"><span class='ocrx_word' id='word_1_231' title='bbox 65 3300 497 3370; x_wconf 61' lang='lat' dir='ltr'><strong>Philosophiastuugart,1897</strong></span> <span class='ocrx_word' id='word_1_232' title='bbox 520 3331 546 3340; x_wconf 88' lang='lat'>-</span> <span class='ocrx_word' id='word_1_233' title='bbox 569 3301 739 3351; x_wconf 75' lang='lat' dir='ltr'><strong>Resorvren.</strong></span> <span class='ocrx_word' id='word_1_234' title='bbox 762 3296 943 3370; x_wconf 77' lang='lat' dir='ltr'><strong>Philosophia</strong></span> <span class='ocrx_word' id='word_1_235' title='bbox 963 3294 1129 3364; x_wconf 73' lang='lat' dir='ltr'><strong>arealytiqrtr</strong></span> 
     </span>
     <span class='ocr_line' id='line_1_28' title="bbox 65 3383 1136 3455; baseline -0.01 -11"><span class='ocrx_word' id='word_1_236' title='bbox 65 3391 103 3444; x_wconf 83' lang='lat' dir='ltr'><strong>de</strong></span> <span class='ocrx_word' id='word_1_237' title='bbox 126 3390 273 3447; x_wconf 83' lang='lat' dir='ltr'><strong>l&#39;histoire,</strong></span> <span class='ocrx_word' id='word_1_238' title='bbox 290 3390 335 3441; x_wconf 92' lang='lat' dir='ltr'><strong>IV.</strong></span> <span class='ocrx_word' id='word_1_239' title='bbox 353 3391 432 3448; x_wconf 83' lang='lat' dir='ltr'><strong>Paris,</strong></span> <span class='ocrx_word' id='word_1_240' title='bbox 458 3393 535 3448; x_wconf 74' lang='lat'>1897.</span> <span class='ocrx_word' id='word_1_241' title='bbox 553 3388 727 3440; x_wconf 85' lang='lat' dir='ltr'><strong>Cournotiana</strong></span> <span class='ocrx_word' id='word_1_242' title='bbox 749 3387 864 3438; x_wconf 85' lang='lat' dir='ltr'><strong>doctrina</strong></span> <span class='ocrx_word' id='word_1_243' title='bbox 884 3385 1037 3455; x_wconf 72' lang='lat' dir='ltr'><strong>praeteritur.</strong></span> <span class='ocrx_word' id='word_1_244' title='bbox 1055 3383 1136 3451; x_wconf 87' lang='lat' dir='ltr'><strong>Cujus</strong></span> 
     </span>
     <span class='ocr_line' id='line_1_29' title="bbox 65 3471 1133 3533; baseline -0.01 0"><span class='ocrx_word' id='word_1_245' title='bbox 65 3481 225 3533; x_wconf 90' lang='lat' dir='ltr'><strong>mentionem</strong></span> <span class='ocrx_word' id='word_1_246' title='bbox 246 3480 342 3531; x_wconf 81' lang='lat' dir='ltr'><strong>faciunt</strong></span> <span class='ocrx_word' id='word_1_247' title='bbox 360 3479 511 3532; x_wconf 76' lang='lat' dir='ltr'><strong>Seroxosos</strong></span> <span class='ocrx_word' id='word_1_248' title='bbox 530 3487 556 3531; x_wconf 88' lang='lat' dir='ltr'><strong>et</strong></span> <span class='ocrx_word' id='word_1_249' title='bbox 570 3479 725 3530; x_wconf 76' lang='lat' dir='ltr'><strong>Linciors:</strong></span> <span class='ocrx_word' id='word_1_250' title='bbox 745 3473 940 3528; x_wconf 79' lang='lat' dir='ltr'><strong>Introduction</strong></span> <span class='ocrx_word' id='word_1_251' title='bbox 956 3491 1016 3525; x_wconf 81' lang='grc'>01111</span> <span class='ocrx_word' id='word_1_252' title='bbox 1034 3471 1133 3525; x_wconf 81' lang='lat' dir='ltr'><strong>e&#39;tades</strong></span> 
     </span>
     <span class='ocr_line' id='line_1_30' title="bbox 67 3568 700 3642; baseline -0.008 -20"><span class='ocrx_word' id='word_1_253' title='bbox 67 3570 251 3642; x_wconf 79' lang='lat' dir='ltr'><strong>historiques.</strong></span> <span class='ocrx_word' id='word_1_254' title='bbox 268 3568 350 3628; x_wconf 85' lang='lat' dir='ltr'><strong>Paris,</strong></span> <span class='ocrx_word' id='word_1_255' title='bbox 368 3571 445 3625; x_wconf 85' lang='grc'>1898,</span> <span class='ocrx_word' id='word_1_256' title='bbox 462 3587 486 3637; x_wconf 82' lang='grc'><strong>[1.</strong></span> <span class='ocrx_word' id='word_1_257' title='bbox 503 3571 553 3621; x_wconf 78' lang='lat'><strong>212</strong></span> <span class='ocrx_word' id='word_1_258' title='bbox 568 3568 606 3636; x_wconf 92' lang='lat' dir='ltr'><strong>(in</strong></span> <span class='ocrx_word' id='word_1_259' title='bbox 621 3569 700 3636; x_wconf 86' lang='lat' dir='ltr'><strong>not).</strong></span> 
     </span>
    </p>
   </div>
   <div class='ocr_carea' id='block_1_10' title="bbox 0 0 1359 4896">
    <p class='ocr_par' dir='ltr' id='par_1_11' title="bbox 0 0 1359 4896">
     <span class='ocr_line' id='line_1_31' title="bbox 0 0 1359 4896; baseline 0 0"><span class='ocrx_word' id='word_1_260' title='bbox 0 0 1359 4896; x_wconf 95' lang='lat' dir='ltr'><strong> </strong></span> 
     </span>
    </p>
   </div>
  </div>
 </body>
</html>
