2684 4896
612 349 754 400 -11-

148 479 259 575 cujus,
289 479 317 549 si
344 481 527 550 Bossuetio
552 480 739 559 credimus,
771 482 882 551 amica
914 483 1215 562 est1·atio¹‚rcbus

146 639 287 709 quoque
302 614 392 683 inest
415 641 421 683 :
445 615 505 710 qui
526 616 569 683 ah
582 614 786 684 hominihus
806 642 878 685 non
898 616 1020 696 factus,
1040 617 1100 686 sed
1121 628 1214 713 pate-

145 746 255 815 sactus
275 773 349 816 csse
369 748 517 817 videtur.
541 749 621 837 Quo
649 749 843 844 simplicius
867 749 1101 845 phaenomena
1126 751 1215 821 thesi

144 879 259 976 aliqua
280 881 498 961 ordinantur,
515 908 556 951 eo
576 883 789 977 probabilius
810 895 860 953 est
876 885 979 953 rebus
995 885 1122 954 thesim
1137 911 1214 954 eam

144 1015 354 1084 consentire.
384 1015 472 1103 Quae
501 1041 625 1085 sensus
659 1018 842 1112 effugiunt,
874 1045 928 1088 res
954 1019 1057 1114 ipsas,
1092 1017 1215 1088 ordine

143 1146 243 1224 duce,
267 1147 501 1243 apprehendit
518 1149 646 1218 Barim.

195 1279 312 1368 Quid!
332 1306 452 1349 nonne
472 1307 510 1349 ca
540 1293 676 1350 tantum
703 1308 781 1376 quae
796 1307 837 1350 cx
859 1281 981 1351 ordine
1004 1283 1211 1377 procedunt,

144 1437 163 1481 ((
181 1411 284 1480 realia
302 1437 321 1482 ))
339 1411 517 1481 existimas
533 1414 548 1480 l
568 1413 616 1482 sic
637 1413 731 1481 enim
752 1412 1037 1483 existimaverunt
1055 1414 1215 1511 plerique

140 1542 357 1638 philosophi,
384 1543 511 1639 quibus
539 1543 741 1639 simplicitas
762 1556 795 1613 et
818 1544 990 1614 ordinatio
1010 1545 1212 1640 phaenome-

140 1701 270 1743 norum
296 1674 402 1744 index
429 1675 493 1746 luit
533 1676 696 1746 veritatis
727 1676 909 1772 Quidquid
937 1677 1097 1747 ordinem
1130 1705 1207 1774 per-

140 1809 270 1888 turbat,
303 1810 371 1878 hoc
399 1835 418 1880 ((
435 1810 555 1880 irreale
572 1836 590 1880 i>
612 1810 803 1890 declarant,
829 1838 893 1881 nec
918 1811 1080 1882 dubitant
1103 1814 1202 1908 quin,

139 1943 246 2012 rebus
266 1943 459 2013 accuratius
472 1945 660 2014 observatis
677 1958 709 2015 et.
730 1945 832 2015 altius
847 1946 1023 2040 inspectis
1042 1947 1206 2041 phantas-

140 2088 234 2145 mata
254 2077 312 2146 illa
334 2089 553 2158 evanescant,
580 2079 799 2174 exceptiones
820 2079 863 2147 ad
888 2079 1022 2172 regulas
1047 2080 1212 2149 reducan-

142 2221 209 2278 tur.
235 2211 352 2298 Quare
367 2211 532 2281 homin'cs
553 2212 790 2281 diversissimo
810 2213 963 2305 ingenio,
988 2213 1107 2308 quales
1129 2227 1212 2284 sunt

135 2343 301 2422 Bossuet,
332 2345 494 2423 Voltaire,
523 2345 679 2441 Laplacc,
710 2372 780 2413 una
811 2372 895 2414 roco
925 2345 1046 2414 cadem
1077 2348 1146 2415 fere
1168 2347 1210 2416 de

137 2477 279 2545 fortuna
309 2477 431 2546 dicunt
462 2506 539 2574 quae
572 2479 719 2574 Spinoza
749 2479 791 2548 dc
818 2479 972 2548 libertate
999 2507 1005 2548 :
1038 2479 1210 2574 ignoratio
1265 2509 1268 2514 ·

137 2637 327 2679 causarum
347 2611 427 2680 fons
449 2624 499 2680 est
514 2612 588 2707 ejus
610 2612 798 2707 opinionis
818 2640 896 2708 quae
912 2613 1063 2682 sortibus
1080 2625 1209 2682 tantam

136 2742 301 2812 concedit
319 2755 537 2839 potestatem.
561 2745 755 2813 Intellectui
783 2745 916 2824 divino,
943 2745 999 2815 vel
1018 2745 1209 2815 intellectui

135 2877 299 2945 humano
319 2877 472 2972 perlecto
491 2877 610 2945 omnia
629 2878 857 2948 determinata
880 2892 986 2955 sunt:
1023 2879 1073 2947 nil
1093 2880 1209 2950 evenit

136 3035 233 3078 casu.
254 3009 358 3098 Quod
373 3010 523 3079 maxime
539 3022 641 3104 negat
656 3011 868 3080 Cournotus
881 3012 1075 3082 lntcllcctui
1087 3012 1207 3082 divino

135 3142 259 3211 omnia
285 3142 513 3212 determinata
539 3171 612 3213 esse
637 3156 795 3239 possunt,
827 3171 889 3214 nec
910 3173 950 3215 co
980 3146 1097 3215 minus
1124 3173 1206 3216 casu

175 3437 198 3485 1.
222 3432 472 3486 Foederatorum
489 3453 579 3493 cono,
598 3435 617 3493 l,
634 3455 657 3504 p.
677 3438 728 3493 2‘l;
745 3435 778 3493 ll,
797 3455 821 3505 p.
840 3439 900 3488 383.

173 3525 198 3573 2.
223 3520 358 3574 Fotidem.
376 3521 412 3573 dc
428 3540 584 3580 noscenti„
601 3524 634 3581 ll,
650 3542 675 3592 p.
693 3527 743 3576 338
759 3544 835 3592 sqq.:
862 3545 875 3573 n
896 3525 1019 3594 Lorsqu'a
1039 3525 1060 3575 la
1078 3525 1209 3577 lai‘eurdo
1259 3562 1261 3567 η

133 3612 302 3680 conceptions
316 3611 404 3662 claires
418 3619 444 3662 et
458 3611 588 3662 distinctos
603 3631 667 3662 nous
688 3631 829 3682 parvenons
848 3616 862 3663 h
887 3614 962 3664 relier
975 3613 1011 3664 les
1034 3615 1209 3683 phdnomhnes

135 3718 183 3769 par
191 3699 235 3749 des
245 3699 293 3749 lois
304 3700 418 3768 simplos,
429 3701 487 3750 hlcs
497 3704 658 3751 soumcttreh
670 3720 719 3751 une
729 3702 905 3752 coordination
919 3703 1055 3770 regulicre,
1066 3703 1083 3754 il
1094 3706 1209 3773 repugno

134 3791 149 3838 ὲ(
165 3787 188 3838 la
203 3788 287 3838 raison
302 3787 456 3839 d'admettre
468 3808 518 3858 que
532 3789 563 3839 dc
578 3790 648 3840 telles
667 3790 714 3840 lois
736 3798 794 3840 sont
816 3791 999 3859 lantastiques;
1016 3811 1065 3860 qne
1087 3792 1123 3842 les
1144 3811 1207 3842 con-

135 3876 253 3945 ceptions
266 3877 312 3945 qui
323 3876 358 3927 les
370 3878 516 3947 expriment
526 3896 558 3928 ne
567 3878 682 3929 tiennent
696 3880 757 3947 qu'h
767 3879 790 3930 la
801 3887 893 3930 nature
904 3879 936 3930 dc
948 3897 994 3930 nos
1007 3880 1083 3939 idries,
1100 3888 1122 3932 et
1136 3881 1209 3933 n'ont

136 3984 223 4023 aucun
240 3965 393 4023 l'ondcment
408 3967 470 4022 dans
485 3967 508 4018 la
524 3974 614 4024 nature
629 3968 672 4025 des
687 3968 774 4023 choses
786 3969 950 4026 exterieures.
969 3989 982 4017 n
