2684 4896
594 390 735 442 -39-

140 522 188 590 nis
208 548 324 617 opera.
349 521 544 592 Fatendum
565 535 616 592 cst
635 523 788 592 maximo
807 549 888 592 casu
912 524 1041 594 lactum
1063 551 1136 594 csse
1157 535 1197 594 ut

141 655 311 750 eruperint
330 655 362 726 ei
379 655 503 729 sontes.
527 683 544 725 e
565 656 692 752 quibus
713 669 763 726 tot
782 657 874 726 varia
895 658 1088 728 necessario
1108 683 1197 727 ema-

139 801 255 858 natura
275 801 403 860 essent.

183 923 239 991 Sic
252 935 377 993 eventa
394 923 530 992 minora
544 950 615 994 non
630 923 744 992 statim
758 950 775 993 c
792 923 926 1016 legibus
942 923 1192 1002 constantibus,

136 1057 192 1126 sed
213 1083 231 1126 c
252 1057 443 1154 majoribus
464 1058 595 1127 eventis
617 1059 819 1127 Cournotus
839 1057 997 1128 ducenda
1016 1083 1090 1127 csso
1110 1057 1196 1126 exis-

136 1191 242 1260 timat.
274 1190 346 1279 Qui
379 1202 579 1287 postquam,
602 1191 697 1286 quod
721 1191 764 1259 ad
787 1195 897 1283 κόσμον
925 1203 1037 1260 totum
1061 1190 1193 1269 attinet,

135 1325 299 1393 Fortunre
324 1324 405 1420 jura
432 1325 530 1420 quasi
557 1325 774 1403 instaurarit,
803 1325 962 1394 eamdem
988 1350 1030 1394 ex
1056 1323 1198 1393 historia

135 1457 323 1554 bominum
351 1458 478 1554 pellere
508 1486 578 1527 non
608 1459 712 1528 habet
740 1459 776 1526 in
805 1458 940 1535 animo;
970 1485 1052 1528 cum
1081 1470 1198 1527 autem

134 1591 261 1684 gradus
282 1603 315 1661 ct
340 1591 594 1687 implicationes
613 1619 758 1661 casuum
778 1592 961 1670 discernat,
986 1603 1107 1660 eventa
1127 1591 1199 1686 ipsa

134 1724 374 1794 connectenda
400 1737 433 1794 et
458 1725 525 1795 alia
550 1725 625 1794 aliis
650 1725 883 1794 submittenda
905 1751 978 1794 essc
998 1736 1126 1802 censet,
1154 1724 1199 1793 ita

133 1871 183 1937 ut,
219 1858 256 1926 in
283 1859 387 1928 rebus
416 1858 593 1938 humanis,
625 1885 826 1954 quanquam
856 1858 1006 1927 maxime
1035 1856 1195 1936 fortuitis,

133 1992 252 2062 nescio
277 1991 364 2088 quid
383 1992 582 2062 ordinatum
607 2006 640 2063 ct
663 1992 830 2062 rationale
848 2003 964 2061 tamen
990 2017 1031 2061 ex
1056 1990 1200 2087 obliquo

132 2127 270 2195 elucere
289 2125 410 2222 possit.

184 2394 236 2462 lli
256 2393 321 2462 bac
337 2391 493 2462 doctrina
513 2391 598 2487 quid
618 2392 793 2462 historicis
812 2391 1067 2486 proficiendum
1084 2391 1127 2460 sit
1141 2418 1202 2488 per·

135 2528 253 2623 sejam
267 2537 371 2622 patet.
386 2525 485 2594 Multi
499 2538 580 2596 sunt
593 2526 688 2594 enim
702 2525 775 2621 qui,
788 2537 974 2621 postquam
988 2552 1102 2594 rerum
1117 2552 1201 2594 con-

129 2661 334 2756 junctiones
346 2671 714 2729 commemoraverunt
729 2686 747 2728 e
762 2659 904 2728 fortuito
918 2685 998 2727 casu
1012 2670 1121 2737 natas,
1136 2659 1202 2728 lroc

129 2796 205 2890 jam
226 2793 350 2863 inutile
372 2793 425 2862 rel
443 2793 559 2889 potius
579 2793 815 2889 periculosum
835 2793 995 2871 habeant,
1015 2793 1145 2888 aliquid
1166 2792 1201 2861 in

133 2928 281 2998 historia
301 2927 479 3024 exquirere
499 2928 624 2997 rationi
644 2927 868 2997 conveniens.
891 2926 945 2995 Ad
967 2938 1089 2996 menta
1111 2927 1202 2996 detr-

134 3062 248 3156 gcnda
275 3061 422 3157 multam
443 3061 585 3157 quidem
607 3087 743 3130 necnon
764 3061 974 3129 laudandam
994 3060 1204 3156 impendunt

136 3223 277 3271 curam:
297 3196 340 3264 ad
355 3195 548 3265 ordinanda
562 3208 679 3264 antem
692 3207 724 3263 ct
739 3195 988 3264 connectenda.
1008 3220 1111 3289 pruno
1126 3192 1203 3261 nul·

135 3332 208 3400 lam
232 3357 238 3398 :
263 3329 392 3425 quippe
411 3329 538 3426 quibus
559 3329 647 3397 nibil
667 3329 805 3397 inanius
826 3355 899 3398 esse
920 3328 1076 3396 rideatur
1098 3352 1204 3422 quam

133 3466 171 3533 in
197 3463 363 3533 historica
388 3463 528 3533 materia
544 3462 786 3558 philosophari
806 3475 920 3558 atquc,
943 3462 979 3529 in
1001 3461 1119 3530 lorum
1140 3460 1205 3530 lac-

135 3612 268 3676 torum,
293 3609 478 3692 systemata
501 3597 660 3666 subdere.

186 3731 325 3820 Quibus
355 3731 539 3826 respondet
560 3732 681 3800 Noster
701 3760 719 3799 a
739 3757 883 3800 casuum
904 3729 1125 3821 indagatione
1155 3755 1207 3797 or·-

135 3866 232 3935 ‹linis
261 3865 528 3934 {edificationem
562 3892 630 3934 non
660 3892 733 3933 osse
764 3865 910 3933 omnino
944 3862 1203 3933 secludendum.

136 4001 236 4072 Licet
252 3999 409 4069 idearum
431 4011 616 4096 systemata
636 4012 794 4097 suspecta
818 4000 965 4070 babeas:
1001 3997 1061 4068 tibi
1093 4010 1206 4069 tamen
