2858 5090
771 429 913 480 ..78-

310 557 361 629 tit.
391 557 529 628 Etenim
548 585 566 628 e
588 559 708 637 tribus,
733 559 838 653 vulgo
859 559 1043 638 distinctis,
1070 559 1251 630 civitatum
1275 586 1363 655 gene-

308 693 417 772 ribus,
439 718 590 789 quorum
613 718 726 761 unum
746 692 965 788 Respublica,
989 692 1137 762 alterum
1160 693 1361 771 Monarchia‚

310 825 449 894 tertium
473 837 589 896 autem
613 826 835 896 Aristocratia
856 827 1032 896 nominari
1060 827 1158 907 solet,
1182 828 1364 897 notandum

307 972 359 1028 est
390 959 529 1028 nullum
561 959 711 1055 politicis
745 960 965 1030 societatibus
992 961 1131 1057 proprie
1160 961 1361 1031 convenire:

308 1093 370 1162 llus
400 1105 481 1161 sunt
499 1092 614 1187 potius
637 1119 655 1162 ((
681 1093 796 1162 omnis
824 1094 993 1163 societatis
1017 1094 1180 1164 formales
1208 1095 1363 1164 conditio-

309 1228 384 1295 nes¹
404 1251 437 1306 t),
458 1253 543 1322 quas
564 1253 657 1296 nunc
676 1227 719 1295 in
738 1227 973 1306 aeconomicis
991 1228 1133 1296 nuncin
1150 1228 1360 1298 militaribus.

308 1385 402 1428 nunc
429 1359 466 1428 in
490 1360 659 1454 religiosis
689 1361 918 1430 conventibus
945 1361 1036 1430 haud
1066 1361 1184 1430 minus
1209 1389 1311 1458 quam
1332 1361 1362 1428 in

306 1493 457 1590 politicis
483 1521 668 1588 agnoscere
702 1495 792 1564 licet.
826 1495 964 1584 Quibus
998 1496 1258 1566 conditionibus
1289 1496 1364 1564 adeo

307 1629 410 1698 inane
426 1641 477 1697 est
490 1655 607 1697 rerum
625 1629 845 1724 publicarum
866 1629 997 1725 species
1016 1629 1162 1699 definire
1182 1643 1222 1699 ut
1239 1629 1276 1698 in
1290 1629 1365 1698 ciri-

310 1763 433 1831 tatibus
458 1761 703 1832 dissimillimis
733 1763 876 1842 similes
899 1763 936 1832 in
957 1763 1146 1832 simillimis
1171 1775 1286 1834 autem
1306 1762 1365 1830 dis-

308 1895 437 1965 similes
472 1896 540 1965 illae
577 1897 697 1966 lormae
726 1897 965 1966 ostendantur.
991 1898 1096 1966 Verbi
1129 1899 1248 1991 gratia,
1285 1923 1363 1966 num

307 2030 463 2125 ejusdem
485 2031 621 2124 generis
649 2043 730 2100 sunt
757 2031 887 2100 Graeeae
907 2043 940 2100 et
958 2031 1117 2100 Asiaticas
1144 2031 1358 2109 Monarchia,

308 2163 536 2233 Hebraeorum
567 2176 600 2233 et
629 2164 917 2234 Americanorum
951 2164 1193 2260 Respublicasl
1219 2165 1363 2234 Politice·

307 2324 387 2366 rum
408 2299 700 2368 constitutionum
721 2325 840 2368 causas
861 2313 894 2368 et
913 2299 1024 2369 fontes
1046 2299 1204 2391 detegere
1226 2299 1254 2367 si
1272 2298 1358 2368 velis.

307 2431 343 2500 in
378 2433 604 2502 fundamenta
638 2434 841 2502 societatum
880 2432 1132 2529 inquirendum
1169 2445 1221 2502 est
1256 2432 1358 2502 ultius.

308 2566 435 2633 Utrum
466 2579 634 2658 vagantur
662 2566 822 2636 homines
847 2594 891 2636 an
920 2567 1061 2636 sedent.l
1088 2566 1125 2635 in
1150 2567 1240 2661 agris
1263 2593 1304 2635 an
1331 2565 1360 2631 in

306 2698 477 2767 urbibusil
497 2700 571 2768 hirc
593 2681 678 2769 sunl
690 2700 833 2768 maximi
855 2699 1054 2768 momenti².
1080 2701 1190 2770 Prout
1209 2700 1300 2769 enim
1320 2723 1363 2765 so-

308 2831 445 2901 cietates
466 2845 548 2902 sunt
563 2831 756 2902 nomadum
773 2834 828 2903 vol
844 2833 1053 2912 sedentium,
1072 2833 1300 2928 agricolarum
1316 2831 1364 2901 vel

305 2967 522 3036 urbanorum
546 2967 677 3036 artibus
693 2980 726 3036 et
745 2966 854 3036 cultui
874 2967 1084 3046 deditorum,
1103 2965 1268 3037 differunt
1285 2965 1363 3062 poli-

309 3100 383 3168 ticen
399 3101 656 3196 conjunctionis
667 3113 700 3170 et
714 3101 864 3196 publicas
879 3101 1189 3170 administrationis
1205 3101 1360 3176 rationes,

341 3362 365 3410 1.
388 3357 475 3411 ΕηοΙι,
493 3357 544 3410 des
560 3357 653 3418 Idem,
670 3359 703 3416 ll,
720 3377 745 3428 p.
764 3360 815 3412 200
830 3377 884 3428 sqq.
904 3377 917 3406 u
934 3358 957 3408 Α
972 3358 995 3409 la
1010 3358 1100 3418 verite,
1117 3358 1149 3408 de
1164 3357 1274 3428 quelque
1288 3353 1360 3407 mani-

304 3448 421 3498 festation
437 3447 471 3498 du
494 3447 601 3517 pouvoir
620 3447 744 3517 politique
768 3447 831 3516 qu'il
853 3447 936 3516 puisse
953 3447 1006 3497 dtre
1020 3447 1149 3515 question,
1171 3465 1204 3497 on
1219 3454 1314 3500 trouve.
1330 3461 1359 3492 ou

302 3557 339 3588 un
361 3537 422 3588 ebes
434 3537 480 3607 qni
500 3538 563 3605 ugit,
581 3556 615 3586 ou
639 3555 673 3586 un
695 3536 789 3587 conseil
805 3537 850 3605 qui
868 3535 988 3594 delibem.
1007 3553 1041 3586 ou
1058 3537 1081 3586 la
1100 3536 1169 3586 loule
1187 3533 1361 3586 desindiridus

303 3626 436 3676 interesses
451 3625 496 3694 qui
511 3626 592 3676 tantdt
603 3625 713 3675 acclamo
726 3632 751 3675 et
761 3626 844 3675 tantbt
860 3643 884 3676 se
901 3625 1009 3675 mutius.
1027 3624 1092 3675 Mais
1104 3624 1294 3675 cesconditions
1307 3623 1360 3690 ser-

303 3713 400 3766 mcllcs
414 3715 486 3764 n'ont
502 3715 555 3765 rien
573 3713 604 3764 do
619 3714 767 3783 particulier
779 3732 828 3764 aux
848 3713 969 3782 pouvoirs
981 3711 1135 3782 politiquos:
1153 3731 1187 3764 on
1203 3713 1238 3764 les
1253 3719 1364 3763 retronis

304 3803 366 3854 dans
381 3810 463 3854 toutes
482 3804 518 3854 les
534 3803 736 3854 nianisestations
749 3802 780 3853 de
795 3802 818 3853 la
834 3802 873 3853 vie
888 3803 987 3853 sociale.
1011 3822 1025 3850 a

339 3896 362 3943 2.
385 3891 471 3950 leid..
484 3893 517 3951 ll,
533 3912 557 3962 p.
570 3895 629 3944 202.
643 3913 656 3941 u
668 3891 703 3944 Le
717 3909 797 3961 genre
812 3891 843 3942 de
858 3891 906 3950 vie,
922 3890 1031 3942 nomade
1045 3909 1080 3941 ou
1095 3891 1244 3950 sedentaire
1256 3889 1362 3955 rustiquo

302 4001 335 4032 ou
350 3981 453 4039 citadin.
471 3981 537 4032 voitu
552 3999 579 4032 cc
591 3981 637 4050 qui
652 3980 713 4032 tend
727 3988 828 4032 surtout
842 3983 856 4030 a
872 3980 1035 4031 caracteriser
1056 3981 1091 4031 les
1113 3981 1272 4032 institutions
1287 3975 1362 4048 politi-

302 4090 372 4143 qurs.
391 4092 404 4118 s
423 4102 455 4108 —
471 4069 512 4122 Cl.
532 4069 647 4121 Morehe
664 4069 714 4121 des
732 4069 823 4130 ldc'es,
840 4069 874 4126 11,
890 4087 913 4137 p.
933 4069 993 4122 25¹1.
