2684 4896
605 377 639 388 -
659 347 745 402 50..

142 482 261 554 sertim
275 488 317 554 e'o
336 481 440 553 insito
456 483 589 578 impetu
609 509 679 578 quo
699 483 789 552 inter
810 509 844 552 se
864 481 1012 552 imitari¹
1028 480 1081 552 vel
1093 478 1177 550 analo

141 617 195 713 gia
214 617 265 686 uti
281 643 321 686 ex
337 629 459 686 natura
479 627 662 685 conentur.
674 615 724 683 lta
740 615 776 683 in
792 615 896 683 rebus
911 612 1177 683 humaniseadenr

140 751 285 821 clariora
307 776 342 819 se
366 750 518 845 praebere
547 748 730 844 profitetur
757 775 836 845 qua¹
858 749 893 816 in
923 747 1086 816 vitalibus
1099 745 1178 816 celata

139 882 400 954 constiterunt².
438 883 542 971 Quod
573 895 823 975 argumentum
854 907 928 951 esse
968 907 1087 951 nonne
1114 878 1178 948 illud

140 1017 311 1113 agnosco,
346 1043 417 1114 quo
446 1016 602 1112 plerique
631 1042 739 1095 nune,
763 1015 890 1085 Tardio
917 1014 1039 1096 duee³‚
1061 1026 1178 1083 utuntur

141 1152 185 1220 ad
203 1176 262 1219 eos
291 1149 497 1219 refellendos
522 1150 583 1246 qui
610 1149 771 1219 scientias
795 1147 1022 1243 soeiologieas
1045 1147 1080 1216 in
1104 1145 1178 1216 serri-

143 1296 252 1354 tutem
272 1283 483 1353 naturalium
503 1283 657 1377 redigere
674 1282 739 1352 reli
745 1285 806 1352 nt.l
826 1283 911 1351 Tam
927 1281 1091 1378 prudenti
1108 1279 1177 1348 eninr

141 1429 174 1486 et
200 1418 411 1513 praemunito
433 1417 551 1486 animo
579 1417 739 1486 scientias
770 1415 942 1487 naturales
965 1421 1178 1485 assecutusest

144 1552 349 1620 Gournotus
373 1564 411 1620 ut.
432 1551 552 1629 iidem,
577 1551 638 1646 qui
657 1551 761 1620 hodie
786 1577 906 1620 earum
930 1551 1070 1620 obstant
1088 1545 1176 1617 nimiis

142 1685 415 1762 incursionibus
443 1685 486 1752 ab
507 1684 581 1778 ejus
604 1683 760 1753 doctrina
780 1683 981 1753 firmissima
1004 1690 1177 1778 argumenta

143 1817 296 1887 mutuari
311 1831 452 1914 queant.

192 1952 268 2021 lloe
287 1952 429 2047 quidem
460 1978 500 2020 eo
528 1951 658 2021 laetum
687 1951 851 2047 estquod
879 1950 1022 2049 abistis
1055 1942 1176 2019 scientiis

143 2086 356 2163 CournotuS,
388 2098 427 2155 ut
457 2087 504 2156 ait
530 2087 614 2181 ipse,
638 2086 730 2155 ideas
759 2086 875 2181 potius
904 2111 1011 2180 quam
1037 2081 1176 2176 imagines

142 2246 278 2288 sumere
294 2233 438 2290 conatus
451 2220 531 2289 est‘.
548 2221 624 2288 Nou
636 2221 665 2288 is
676 2221 795 2316 estqui
810 2219 893 2289 huie
904 2233 963 2289 aut
978 2219 1030 2288 illi
1045 2218 1175 2287 rivorum

143 2353 267 2450 speciei
284 2354 461 2423 societates
480 2380 541 2449 per
561 2354 697 2446 singula
716 2353 906 2423 assimilare
927 2354 1074 2423 studeat.
1095 2352 1175 2443 Leges

143 2487 257 2582 'totius
272 2513 477 2556 eomnumes
493 2487 685 2556 describere
701 2488 797 2583 eupit
809 2487 936 2584 quibus
952 2488 1035 2557 etin
1052 2487 1175 2557 animan·

179 2738 201 2784 1.
226 2733 311 2784 Enclr.
328 2733 377 2784 des
390 2733 481 2793 Ide'es,
496 2734 529 2792 lt.
547 2754 571 2804 p.
588 2738 630 2792 57,
649 2737 691 2792 63,
708 2737 749 2787 77.
767 2734 929 2804 Description
944 2734 988 2786 des
1004 2756 1018 2784 «
1032 2735 1175 2807 phenomues

140 2823 294 2874 d'imitation
309 2841 342 2874 ou
364 2823 579 2875 d'entraluement
595 2845 608 2873 »
629 2823 752 2893 auxquels
765 2831 803 2874 est
817 2823 867 2874 due
888 2824 912 2875 la
927 2825 967 2875 vie
981 2823 1026 2875 des
1040 2825 1142 2894 langues.
1154 2845 1174 2857 -

139 2912 225 2969 leid..
242 2915 301 2964 179.
319 2934 333 2963 u
354 2913 401 2963 Les
415 2914 537 2982 premiere
552 2913 775 2983 developpements
794 2912 828 2963 du
847 2912 924 2971 droit,
941 2931 1044 2965 comme
1058 2932 1115 2966 ceux
1127 2911 1151 2961 de
1160 2906 1175 2956 ll

138 3001 240 3068 langue.
258 3001 395 3070 procedent
413 3002 444 3053 de
468 3002 590 3053 l'instinct
611 3002 765 3053 d'imitatiou
788 3009 814 3052 et
828 3001 862 3052 du
886 3003 1026 3054 sentiment
1047 3000 1137 3055 natural
1155 2995 1175 3045 de

138 3090 281 3158 l'analogie.
304 3112 317 3139 n

175 3182 198 3230 2.
221 3178 307 3238 leid„
325 3179 358 3238 ll,
374 3200 400 3249 p.
418 3183 477 3232 334.
497 3201 510 3230 a
531 3181 587 3231 Non
603 3180 744 3231 seulement
767 3180 944 3232 l'obsorvation
960 3189 1075 3233 constate
1088 3171 1175 3232 cerulei

138 3269 255 3334 generale
271 3269 307 3337 (le
322 3269 389 3338 cyclo
410 3269 453 3320 des
477 3269 653 3337 civilisatious)
667 3269 729 3320 mais
745 3288 808 3320 nous
829 3288 861 3319 en
876 3281 1050 3339 eomprenons
1062 3271 1085 3322 la
1104 3268 1173 3320 raison.

137 3375 232 3407 encore
244 3358 329 3408 mieux
348 3377 398 3427 que
413 3377 477 3408 nous
497 3377 529 3408 ne
550 3377 719 3428 eomprenons
739 3359 866 3427 ponrquoi
885 3359 1082 3410 l'individualite'
1100 3357 1176 3408 vivente

138 3454 246 3496 traverso
261 3446 304 3498 des
319 3447 435 3516 pdriodes
449 3447 595 3515 analogues.
618 3468 631 3496 n

171 3537 196 3587 3.
217 3534 248 3588 V.
269 3537 390 3607 tegique
412 3536 529 3594 sociale,
547 3537 656 3605 presace.
674 3566 707 3575 -
722 3536 763 3588 Cf.
783 3535 916 3588 Drarner.
934 3529 1176 3607 Einleitungtndie

139 3623 490 3692 Geisteswissensclmften‚
506 3644 531 3694 p.
550 3627 582 3676 45
596 3644 651 3694 sqq.

173 3714 196 3762 l.
219 3711 434 3771 Materialisme,
446 3734 470 3783 p.
487 3717 546 3766 l98.
563 3714 582 3764 ll
594 3714 647 3764 saut
662 3715 793 3784 employer
804 3733 844 3765 ces
857 3721 951 3766 termes
965 3715 1019 3784 (vie
1032 3715 1066 3766 du
1081 3707 1176 3783 tangant

137 3821 150 3848 «
170 3819 216 3869 par
230 3802 382 3853 abstraction
397 3804 482 3872 plutdt
496 3821 545 3872 que
560 3822 606 3872 par
621 3804 785 3874 metaphore;
803 3804 958 3855 c'est-ldire
971 3822 1005 3855 en
1019 3800 1176 3856 abandonnanl

134 3909 163 3939 co
177 3891 222 3959 qui
236 3892 305 3959 perle
320 3894 334 3942 a
349 3892 534 3960 l'imagination
550 3910 616 3960 pour
631 3912 662 3943 ne
676 3893 773 3943 retenir
788 3901 813 3943 et
832 3892 992 3962 n'employer
1011 3892 1075 3945 dans
1096 3891 1118 3943 la
1130 3902 1175 3942 eon·

134 3979 258 4029 struction
273 3980 432 4048 seientifique
445 3999 494 4048 que
509 3980 532 4030 la
547 3999 611 4050 pure
625 3981 680 4031 idee
701 4002 725 4031 n.
