2684 4896
595 329 628 338 ..
649 301 681 351 32
701 328 736 338 ..

135 433 271 504 mania:
296 434 431 503 turbam
457 432 569 527 ipsam
587 432 760 526 intelligas
785 431 874 500 nihil
892 458 1036 528 prorsus
1060 458 1169 529 exspuc·
1225 460 1229 466 ·

136 581 205 638 tare
214 567 282 637 nisi
290 579 419 636 nutum
431 565 577 661 alicujus
589 565 825 635 reformatoris
835 566 856 634 ¹.
869 566 970 645 Item,
984 593 1172 664 numquam·

135 729 241 798 quarn
253 700 440 798 putassive‚
460 699 649 779 Mirabeau,
668 699 739 768 siue
754 698 821 768 alio
835 699 979 794 nurnine
994 699 1173 796 appelletur,

136 848 271 905 tantum
290 835 395 903 luisse
414 833 530 902 virum
561 845 600 901 ut
619 832 750 927 gallicia
779 832 888 928 plebis
920 833 1105 929 impeturn,
1128 832 1178 901 sul)

136 972 242 1039 linem
264 967 450 1065 superioris
471 967 601 1046 saculi,
620 967 791 1037 sustinere
817 979 850 1036 et
868 993 984 1038 arcere
1003 965 1179 1063 potuerit²l

136 1103 244 1192 Quasi
265 1103 436 1172 naturales
469 1114 551 1170 sunt
577 1101 662 1170 tanti
692 1101 857 1197 impetus
884 1101 1013 1197 quibus
1040 1100 1183 1199 quinon

136 1238 275 1307 ducitur
291 1237 405 1306 statirn
425 1235 589 1330 allligitur
608 1261 614 1303 :
635 1235 662 1303 si
674 1247 793 1305 contra
809 1235 965 1304 virorum
981 1235 1184 1330 egregiorum
1227 1258 1229 1263 ·

135 1372 288 1468 impetus
312 1371 422 1440 animi
447 1396 530 1439 curn
554 1368 684 1438 adllatu
710 1381 909 1465 temporum
936 1369 1037 1466 quasi
1065 1367 1184 1464 conspi-

138 1518 200 1586 rat,
222 1518 295 1574 tum
313 1531 440 1599 magna
460 1504 517 1572 illa
538 1515 673 1573 exstant
693 1503 818 1572 saecula
837 1530 927 1599 quaa,
946 1503 1055 1572 veluti
1074 1500 1186 1599 quarti-

135 1636 263 1722 decimi
275 1637 444 1706 Luduvici
454 1637 635 1716 saeculum,
647 1637 914 1706 admirationem
926 1637 1006 1732 jure
1022 1635 1184 1706 movent³z

138 1769 266 1865 quippe
286 1797 439 1866 quurnrn
458 1771 602 1840 historia
622 1797 694 1839 non
716 1771 789 1839 sine
801 1797 894 1850 casu,
914 1797 977 1840 nec
993 1783 1108 1840 tamen
1127 1768 1188 1838 siue

125 1903 209 1970 ‘ulla
231 1903 362 1973 ratione
382 1904 585 1999 explicanda
605 1904 660 1973 sit.

187 2038 324 2106 Gradus
334 2050 451 2107 autern
462 2039 580 2133 plures
597 2050 678 2107 sunt
692 2038 840 2108 sortunae
857 2065 863 2107 :
883 2038 980 2107 locus
993 2037 1077 2108 hine
1087 2036 1185 2111 latiur,

139 2170 236 2240 illiue
261 2172 387 2240 arctior
417 2198 627 2266 rnagnorunr
647 2172 804 2241 uirorum
824 2171 1067 2241 intercessioni
1085 2181 1186 2267 patet:

138 2305 288 2400 quisine
305 2305 451 2399 negocio
469 2332 586 2374 rcruun
613 2305 686 2374 viru
703 2305 884 2375 dellectere
911 2332 1005 2374 nunc
1030 2305 1126 2402 quasi
1142 2329 1192 2372 ex-

139 2450 249 2507 trernu
265 2438 388 2532 digitu,
408 2466 503 2508 nune
518 2465 560 2507 nc
581 2454 722 2507 suanno
738 2438 882 2534 quidenr
896 2438 976 2507 nisu
992 2438 1063 2507 ulla
1074 2437 1193 2507 ratione

137 2597 239 2666 posse
272 2572 446 2640 uidentur.
475 2573 577 2641 Velut
604 2572 738 2641 etiamsi
765 2572 933 2641 Luduvici
962 2565 1193 2669 quintideeiuai

139 2705 176 2772 in
196 2705 310 2774 Gallia
330 2718 389 2774 aut
404 2705 520 2774 Garuli
544 2705 650 2801 primi
675 2706 712 2772 in
741 2705 919 2774 Britannia
944 2706 1069 2775 melior
1087 2705 1193 2774 luisset

140 2836 287 2917 indulca,
301 2838 533 2907 nihilominus
550 2865 671 2908 eurum
685 2839 786 2934 stirps
798 2850 831 2908 et
842 2838 969 2908 domus
984 2840 1053 2909 lato
1062 2835 1191 2909 delenda
1226 2888 1229 2955 Ι

177 3220 201 3270 l.
224 3218 338 3270 Marrlru
352 3217 403 3270 des
419 3217 510 3277 [dees.
526 3219 546 3277 l,
564 3238 589 3289 p.
608 3222 668 3273 183.
683 3240 696 3269 α
712 3220 783 3271 Dans
797 3221 833 3273 les
846 3229 928 3291 temps
942 3221 973 3272 de
986 3221 1084 3274 crisa...
1101 3221 1123 3272 la
1137 3215 1189 3270 loule

142 3307 256 3358 n'attend
270 3327 320 3376 que
335 3308 358 3359 le
368 3308 450 3376 signal
464 3308 526 3358 d'un
538 3308 642 3360 lronrnre
654 3310 797 3379 superieur,
814 3311 858 3380 qui
872 3310 1005 3362 lui-menie
1019 3310 1152 3379 n'e'chappe
1159 3322 1190 3376 [us
1214 3320 1216 3327 '

141 3399 155 3447 a
170 3397 377 3448 l'entralncment
391 3398 504 3465 general.
521 3419 534 3447 u

179 3488 203 3535 2.
224 3484 311 3544 laid„
330 3486 363 3544 ll,
381 3504 406 3555 p.
424 3488 474 3538 387
490 3505 544 3555 sqq¹
573 3508 586 3535 u
607 3487 641 3537 Le
666 3490 791 3539 caractere
813 3487 948 3538 dominant
970 3487 1002 3538 dc
1024 3496 1098 3540 notre
1112 3483 1191 3557 grande

143 3574 206 3624 crisc
220 3574 466 3626 revolutionnaire...
483 3576 544 3626 c'est
562 3576 643 3627 d’dtre
658 3595 694 3627 un
708 3578 899 3628 entralnement
915 3578 1029 3645 ge'ndral,
1046 3574 1192 3629 irresistible.

142 3681 179 3712 un
193 3662 224 3712 de
237 3681 276 3712 ces
296 3662 470 3732 plrdnomenes
491 3664 526 3714 du
547 3665 641 3715 arunde
664 3667 745 3716 moral
766 3685 810 3717 sur
832 3666 940 3735 lesquels
961 3666 998 3718 les
1012 3667 1095 3718 forces
1116 3663 1194 3716 indiui-

143 3750 239 3802 duelles
253 3752 325 3802 n'ont
340 3771 382 3820 pas
398 3753 453 3822 plus
468 3753 499 3803 de
514 3753 579 3823 prise
601 3755 707 3823 qu'elles
722 3757 782 3805 n'en
798 3763 909 3824 peuvent
928 3756 999 3806 avoir
1011 3774 1056 3806 sur
1076 3756 1112 3807 les
1123 3755 1196 3824 impu·

142 3846 210 3892 sants
224 3840 397 3909 plrdnomdnes
411 3841 445 3891 dn
462 3842 555 3893 mondo
568 3842 692 3912 physique
707 3852 732 3894 et
747 3863 790 3894 sur
805 3845 828 3894 le
843 3844 954 3896 tumulto
968 3844 1013 3896 des
1026 3845 1155 3896 elementa.
1171 3861 1182 3892 u

179 3931 203 3981 3.
225 3927 350 3986 luid.,1.
368 3931 427 3984 263.
