2684 4896
700 342 843 394 ..28-
938 380 941 386 ,

239 474 429 571 quominus
449 487 523 544 aeta
543 474 752 570 cujusquam
773 474 937 545 statistica
957 473 1011 542 vel
1037 473 1201 543 historica
1216 500 1305 569 prae-

239 608 390 678 dictione
418 608 716 678 determinentur:
743 609 794 677 ris
826 635 864 677 ea
893 608 1047 687 moralis,
1081 635 1159 704 quie
1178 608 1303 704 cuique

238 754 397 812 nostrum
417 742 519 820 inest,
542 741 668 811 talibus
682 741 810 810 virium
827 741 1145 838 computationibus
1162 767 1196 809 se
1210 742 1304 810 haud

237 876 368 970 patitur
383 875 518 972 subjici.

287 1009 484 1105 Respondet
504 1009 705 1079 Cournotus
730 1009 903 1105 ejusmodi
932 1008 1207 1104 computatione,
1236 1036 1305 1104 qua

238 1169 420 1213 causarum
454 1143 684 1238 peculiarium
712 1156 744 1213 et
777 1170 940 1212 normam
973 1142 1304 1238 transgredientium

237 1277 377 1346 effectus
388 1277 487 1372 quasi
502 1289 784 1372 compensentur,
818 1291 978 1347 naturam
995 1276 1165 1372 cujusque
1191 1303 1302 1346 causa

238 1409 335 1479 nullo
347 1409 455 1479 modo
466 1409 714 1506 praejudicem:
727 1411 823 1506 quod
837 1411 865 1479 si
878 1410 1085 1479 eorumdem
1095 1422 1302 1480 eventorum

239 1555 353 1612 certus
378 1543 466 1612 redit
495 1570 675 1623 numerus
706 1570 778 1613 non
808 1557 857 1613 est
890 1570 951 1613 cur
977 1544 1159 1613 credamus
1184 1543 1302 1613 omnia

240 1676 452 1745 mechanicis
466 1677 598 1746 viribus
616 1678 762 1773 prolerri
776 1704 782 1746 :
807 1677 997 1746 moralibus
1009 1703 1149 1774 quoque
1158 1703 1301 1771 campus

238 1809 349 1878 datur.
374 1809 468 1878 Nihil
487 1809 530 1879 ad
550 1837 623 1879 rem
643 1810 792 1906 pertinet
812 1811 840 1879 si
854 1811 1045 1906 peculiares
1065 1811 1220 1889 effectus,
1242 1811 1301 1907 qui

237 1955 318 2038 post
331 1943 409 2012 satis
420 1943 569 2035 longum
578 1956 715 2040 tempus
724 1943 962 2024 obliterantur,
973 1944 1176 2014 mechanico
1185 1944 1301 2040 aliquo

239 2102 320 2147 casu
339 2089 398 2147 aut
422 2078 576 2146 humana
599 2077 774 2147 voluntate
801 2077 883 2146 editi
909 2077 1048 2147 suerint.
1072 2078 1301 2147 Voluntatum

239 2238 379 2308 quoque
394 2213 630 2282 humanarum
650 2214 790 2282 allectus
816 2239 977 2282 enormes
1005 2239 1077 2282 sese
1104 2227 1298 2310 exaequant.

239 2344 327 2432 Quae
347 2346 538 2442 exaequatio
563 2346 698 2416 facilius
723 2347 759 2414 in
785 2347 886 2416 rebus
917 2347 1100 2416 socialibus
1129 2374 1237 2443 quam
1266 2349 1301 2415 in

239 2479 453 2548 naturalibus
481 2480 682 2549 absolvitur.
714 2481 893 2576 Nusquam
926 2480 1022 2549 enim
1056 2480 1233 2550 difficilius
1254 2492 1303 2550 est

153 2604 156 2609 ’
238 2613 432 2682 normalem
453 2614 614 2684 ellectum
635 2614 803 2710 dispicere
819 2641 924 2710 quam
947 2614 1006 2683 ubi
1024 2614 1302 2710 plraenomcnum

238 2745 391 2841 aliquod,
415 2747 555 2816 effeetus
575 2748 729 2817 enormis
749 2773 869 2843 capax,
893 2760 1004 2818 cetera
1028 2775 1146 2817 seeum
1167 2750 1302 2819 trahere

237 2881 370 2976 possit;
404 2881 431 2949 si
465 2907 546 2950 vero
576 2882 739 2950 homines
770 2882 857 2950 adeo
885 2881 985 2951 liberi
1013 2894 1094 2951 sunt
1126 2893 1164 2950 ut
1195 2883 1302 2952 unius

237 3014 419 3083 arbitrium
444 3042 587 3084 enorme
608 3028 738 3085 ceteros
761 3016 887 3085 ducere
912 3027 1072 3110 nequeat,
1096 3042 1137 3085 co
1167 3016 1303 3086 facilius

238 3147 436 3216 enormium
469 3149 692 3226 arbitriorurn
722 3149 876 3227 ellectus,
912 3149 1040 3217 divorsi
1073 3162 1105 3218 et
1139 3152 1300 3245 separati,

237 3280 329 3349 inter
353 3307 387 3349 sc
407 3280 641 3352 obliterabuut
669 3282 715 3352 ita
745 3295 783 3352 ut
811 3284 1015 3352 communia
1042 3295 1075 3352 et
1108 3286 1304 3355 constantia

239 3425 377 3508 pateant
396 3415 630 3484 manifestiora
642 3411 664 3484 ³.
688 3417 765 3484 Non
782 3429 832 3485 est
851 3417 958 3510 igitur
977 3443 1038 3486 eur
1059 3418 1213 3488 scientiae
1234 3419 1304 3495 liis-

275 3699 297 3746 l.
321 3696 434 3748 Murrbe
450 3696 500 3748 des
513 3696 605 3755 Ide'es,
623 3698 643 3752 l.
660 3718 685 3767 p.
705 3701 747 3749 13.
766 3719 778 3747 a
797 3697 830 3748 La
850 3699 947 3749 theoria
962 3698 996 3749 du
1018 3717 1141 3750 coneours
1156 3700 1200 3752 des
1224 3704 1305 3754 soreos

236 3792 273 3835 est
287 3803 338 3835 une
352 3785 451 3836 theorie
467 3786 568 3855 legique
583 3794 608 3838 et
628 3787 757 3843 obstruite,
780 3787 970 3856 imlependante
984 3787 1016 3838 de
1034 3788 1058 3838 la
1079 3795 1170 3840 nature
1184 3795 1306 3844 concrete

236 3873 267 3924 de
279 3873 377 3943 chaque
392 3874 461 3925 force
475 3893 508 3926 en
520 3876 669 3945 particulier
686 3896 710 3927 a.
728 3876 770 3928 Cf.
787 3876 1004 3935 Mater-ialisme,
1019 3897 1043 3946 p.
1061 3880 1121 3930 2¹17.

272 3963 296 4014 2.
319 3962 454 4018 Fotidem.
472 3963 506 4018 de
526 3982 575 4018 nos
591 3983 682 4026 coum,
700 3964 734 4021 ll,
752 3985 777 4037 p.
801 3968 860 4020 247.
884 3987 897 4018 a
918 3965 989 4018 C'cst
1003 3967 1220 4038 principalement
1244 3969 1306 4024 daus
