2684 4896
678 345 819 395 ...58-

219 491 274 548 tur
293 503 495 574 progressus
515 504 585 573 quo
610 504 659 556 ea,
683 505 761 573 quie
785 476 919 546 diversa
939 489 972 546 et
990 478 1132 548 fortuita
1155 479 1270 549 rationi

216 612 314 708 prius
347 623 640 707 repugnaverunt,
674 611 805 681 mutuis
838 611 1033 680 actionibus
1066 639 1128 707 per
1157 613 1270 682 saecula

218 746 385 824 exercitis,
415 756 475 814 aut
503 745 786 814 commoriuntur
816 756 875 814 aut
898 745 1104 815 harmonico
1126 747 1268 842 quodam

218 879 340 949 ordine
351 905 505 948 connexa
520 892 794 949 commorantur.
810 878 915 967 Quod
925 879 963 946 in
976 879 1114 949 dnobus
1129 880 1268 950 molibus

217 1014 394 1110 impariter
414 1012 544 1082 libratis
555 1013 598 1082 ab
617 1013 739 1082 eodem
755 1014 878 1082 baculo
891 1013 1125 1110 pendentibus
1140 1013 1267 1090 accidit,

172 1146 180 1160 ⁸
218 1162 256 1220 ut
274 1149 385 1217 ambre
401 1147 568 1243 [ssulatim
588 1147 711 1216 eodem
731 1159 831 1216 motu
847 1147 1033 1243 jactentur,
1051 1148 1120 1216 hoc
1139 1147 1223 1217 item
1240 1149 1279 1216 lit

218 1283 254 1351 in
270 1283 371 1369 rebus
387 1281 568 1359 omnibns;
587 1281 634 1350 ita
653 1295 692 1351 ut
711 1281 885 1360 omnium,
903 1281 1060 1377 equibus
1075 1281 1282 1351 universum

218 1427 363 1494 constat,
388 1415 449 1485 tria
472 1414 541 1484 sint
567 1426 762 1483 momenta:
783 1441 935 1510 quorum
957 1414 1155 1510 primum«
1177 1415 1291 1484 chao-

219 1551 328 1620 tieum
367 1577 385 1619 n
417 1549 598 1618 nominare
632 1548 721 1626 lieet,
763 1549 957 1618 seeundum
993 1575 1012 1618 ((
1037 1548 1237 1642 geneticum
1267 1572 1292 1615 n

219 1684 358 1753 tertium
386 1696 501 1752 autem
527 1709 544 1752 ((
580 1682 822 1751 mechanicum
847 1708 879 1753 t).
920 1682 975 1750 Ad
1003 1681 1070 1750 hoc
1097 1681 1296 1756 ultimum,

218 1844 288 1914 quo
308 1818 344 1886 in
363 1817 600 1912 permanentia
615 1828 799 1910 systemata
810 1828 989 1910 cogantur,
1002 1827 1154 1910 pergunt
1167 1840 1307 1884 00005-

220 1951 309 2020 sario
324 1950 640 2046 pliaenomenorum
657 1949 759 2018 sarire
780 1947 897 2018 series¹
922 1976 928 2016 :
957 1974 1079 2018 eorum
1101 1975 1182 2017 tero
1202 1970 1307 2044 quae

217 2086 261 2155 ad
294 2084 492 2154 societatem
520 2084 695 2179 pertinent
732 2083 825 2152 haud
855 2083 972 2151 minus
1011 2108 1118 2178 quarn
1158 2101 1309 2150 eorum

218 2246 296 2316 quae
320 2219 363 2287 ad
388 2215 595 2287 materiaml.
630 2219 701 2287 Lex
720 2219 826 2311 igitur
852 2218 922 2297 illa,
944 2244 1012 2313 qua
1034 2215 1194 2310 gentium
1214 2211 1310 2282 vita

219 2353 376 2422 consistit
395 2364 428 2420 et
446 2352 544 2448 quasi
564 2352 776 2445 congelatur,
796 2352 905 2443 elego
929 2351 1046 2420 latiore
1062 2376 1100 2418 ac
1121 2361 1308 2418 constan-

222 2485 304 2554 tiore
322 2485 461 2581 pendet,
481 2497 613 2554 naturae
634 2485 699 2580 ipsi
721 2512 836 2553 rerum
860 2495 1102 2553 consentanea.
1126 2481 1308 2551 Eandem

219 2620 469 2698 necessitatem,
485 2646 592 2715 quarn
608 2633 728 2688 nostro
745 2619 876 2688 socculo
896 2617 1059 2687 nonnulli
1078 2605 1306 2712 philosophi

218 2754 484 2848 patefecerunt³‚
520 2753 720 2823 Cournotus
745 2779 896 2849 quoquo,
932 2749 1065 2820 tametsi
1089 2751 1181 2844 loges
1206 2747 1303 2816 illas

218 3003 326 3073 puteles
342 3022 433 3054 nrasses
453 3003 475 3053 la
496 3004 582 3072 plume
604 3006 617 3054 t
637 3004 659 3053 la
676 3003 753 3059 (0010,
779 3005 811 3053 oli
833 3003 885 3052 l'on
909 3009 969 3070 peut
990 3000 1100 3051 caleuler
1114 3000 1150 3051 les
1165 2998 1308 3049 resultans

217 3093 298 3162 precis
311 3093 373 3143 d'un
389 3093 542 3143 mecanisme
557 3093 669 3161 regulier
684 3113 707 3142 0.

255 3187 279 3232 1.
302 3181 385 3233 li'ncb.
400 3181 450 3233 des·
465 3181 556 3238 Idees.
575 3183 593 3234 l,
609 3201 633 3251 p.
652 3184 712 3234 305.
729 3202 742 3229 ((
757 3181 791 3231 La
803 3180 899 3231 science
916 3173 1315 3246 000500501300000100110

216 3271 298 3323 actuel
311 3272 351 3320 n'a
367 3289 410 3340 pas
425 3271 541 3339 toujours
556 3271 671 3328 subsiste,
688 3277 713 3321 et
723 3288 773 3339 quc
786 3270 830 3320 des
840 3269 1013 3338 phenombnes
1026 3266 1193 3336 aujourd'hui
1207 3267 1259 3332 regu
1271 3273 1320 3295 s

217 3360 285 3419 licis,
302 3367 465 3428 permanents
479 3377 512 3409 ou
528 3359 689 3429 periodiques
703 3365 748 3410 ont
762 3357 797 3408 dn
811 3359 865 3408 ltro
884 3359 985 3407 omenes
997 3355 1200 3424 graduallement
1214 3356 1226 3404 t
1239 3371 1261 3404 ee
1276 3344 1323 3390 ι

217 3451 268 3499 etat
282 3448 313 3499 de
329 3449 474 3516 regularito.
491 3448 522 3499 de
535 3467 704 3518 permanence
717 3467 750 3498 ou
764 3447 796 3498 de
810 3447 966 3518 periodieite.
985 3468 998 3495 0

254 3541 278 3589 2.
301 3538 416 3590 Morcbe
430 3536 480 3588 (les
495 3539 586 3598 Idr'rs,
599 3541 618 3597 l,
634 3560 659 3609 p.
677 3543 736 3591 236.
750 3539 784 3589 Le
800 3538 894 3589 mondo
908 3537 1071 3589 del‘histoire
1081 3557 1094 3586 ((
1111 3536 1326 3588 10010000ιῶ

217 3628 240 3678 10
255 3627 347 3679 (000(10
362 3627 495 3698 pliysique.
513 3648 612 3680 comme
631 3630 653 3679 le
669 3629 761 3680 momle
776 3629 819 3679 des
833 3629 898 3679 btres
913 3628 1010 3678 virants
1025 3645 1081 3677 vers
1105 3645 1156 3676 une
1170 3609 1320 3676 stabilit?

218 3716 330 3775 relative,
346 3736 378 3767 00
394 3736 419 3767 50
433 3718 608 3769 deborrassant
623 3718 832 3769 successivement
846 3717 890 3768 (105
902 3735 987 3767 causes
1001 3715 1177 3766 accidentelles
1191 3714 1220 3765 (10
1233 3713 1261 3762 d(-
1270 3732 1300 3747 ν

217 3803 313 3854 sordre.
331 3805 402 3855 »(11.
420 3805 553 3857 Fotidem.
571 3805 776 3862 (1000500010,
794 3807 814 3857 l.
829 3826 854 3875 p.
872 3808 932 3861 356.
951 3807 1010 3856 353.

254 3898 278 3943 :t
300 3893 397 3944 (11.0.
415 3913 454 3962 gr.
479 3895 590 3951 110015,
608 3896 680 3964 enjus
697 3895 772 3945 rerba
787 3914 845 3945 cum
866 3895 947 3946 verbis
960 3893 1045 3945 Nostri
1067 3895 1092 3943 in
1114 3893 1161 3944 boc
1184 3910 1256 3942 come
1269 3910 1298 3923 ‘

218 3983 294 4039 niunt
306 4003 310 4032 :
327 4003 340 4031 ((
356 3982 391 4034 Ge
400 3991 457 4036 sout
471 3984 505 4041 les
518 3983 647 4042 dormires
659 3984 806 4036 resistsnecs
818 3985 848 4035 (10
860 3985 882 4040 la
892 3991 981 4039 nature
993 3983 1141 4060 indemptae
1155 4001 1188 4033 au
1203 3998 1300 4032 mou‘
