2858 5090
560 1127 589 1194 V

455 1375 690 1450 eoumuslo

88 1713 185 1803 Quid
203 1711 247 1782 ad
262 1710 485 1804 sooiologieas
501 1711 661 1782 scientias
676 1713 937 1783 constituendas
952 1738 970 1782 e
993 1713 1105 1784 Gour-

42 1848 115 1917 noti
138 1845 362 1942 philosophia
387 1871 524 1915 sumere
550 1845 680 1926 liceret,
709 1846 890 1916 inanimo
919 1846 1106 1917 habuimus

41 2006 224 2076 exponere.

89 2115 172 2210 Ejus
188 2125 306 2184 autem
324 2112 556 2209 philosophiae
576 2114 686 2209 capita
708 2113 793 2182 dum
815 2114 1012 2195 retulimus,
1036 2113 1107 2184 dis-

44 2249 208 2344 ciplinam
223 2274 330 2344 quam
351 2248 501 2317 maxime
517 2248 668 2318 scientiis
697 2248 915 2342 soeiologiois
935 2248 1107 2318 infensam

39 2382 113 2476 jure
130 2383 195 2452 risi
207 2409 329 2452 snmus
342 2381 497 2476 elegisse.
509 2381 638 2451 Omnia
648 2382 754 2462 enim,
770 2382 898 2478 quibus
910 2383 991 2452 istas
1001 2381 1108 2453 seien-

45 2516 101 2584 tias
115 2516 349 2613 impossibiles
365 2529 424 2587 aut
438 2517 559 2586 inanes
574 2543 647 2587 esse
663 2517 743 2587 satis
760 2543 932 2612 superque
948 2517 1108 2586 demons-

44 2661 159 2731 tratur,
178 2652 246 2721 hoe
262 2677 333 2720 uno
347 2651 475 2747 pariter
489 2651 650 2720 nituntur
662 2662 869 2744 argumento
888 2677 894 2719 :
911 2677 965 2720 res
985 2652 1107 2721 huma-

45 2810 98 2854 nas
114 2811 134 2854 a
148 2786 304 2855 Fortuna
319 2785 404 2878 regi.
419 2786 620 2855 Cournotus
632 2796 749 2855 autem
764 2785 793 2854 is
809 2797 860 2855 est
873 2784 1107 2881 philosophus

45 2921 97 3014 qui
114 2919 278 2988 Fortunae
287 2919 369 3014 jura
383 2918 628 3007 instauravisse
644 2944 790 3014 eamque
801 2919 899 3014 quasi
915 2919 1106 2989 redivivam

47 3053 347 3123 secisse'videatur.

87 3187 158 3276 Qui
185 3212 262 3258 eam
290 3213 364 3257 non
392 3187 434 3256 ab
465 3186 671 3256 hominibus
696 3198 831 3257 tantum
860 3187 897 3256 in
931 3187 1106 3256 mundum

30 3320 187 3393 idelatam
207 3309 280 3391 esse
296 3334 431 3398 censet;
456 3347 529 3391 non
548 3321 710 3390 homines
736 3321 840 3400 solos,
864 3320 924 3392 sed
945 3347 1012 3401 reS,
1034 3347 1106 3391 non

49 3456 238 3526 societatem
261 3455 371 3525 solam
395 3455 455 3525 sed
474 3469 635 3526 naturam
652 3455 790 3525 casibus
812 3455 887 3551 jam
915 3456 1106 3552 subjeetum

50 3613 112 3658 esse
133 3589 360 3661 demonstrat.
386 3589 484 3660 Adeo
507 3602 546 3659 ut
565 3601 687 3660 eventa
714 3589 853 3660 Rationi
878 3588 1108 3685 repugnantia

49 3745 110 3792 aon
127 3723 351 3795 historiarum
371 3736 507 3794 tantum
524 3724 682 3821 scriptori
698 3724 757 3793 sed
772 3723 932 3794 vitalium
952 3725 1104 3819 quoque,

50 3853 112 3928 imo
139 3883 156 3927 r<
186 3859 412 3954 physicarum
440 3885 459 3930 ))
489 3885 607 3929 rerum
640 3857 841 3954 inquisitori
871 3857 1108 3950 consignanda

51 3993 121 4064 sint,
139 3995 188 4064 Ita
203 3994 377 4064 Cournoti
396 3993 628 4089 philosophiae
647 4019 770 4063 omnes
783 4005 897 4088 partes
913 4015 932 4062 a
952 3992 1107 4062 Fortuna

54 4152 55 4167 ¹
92 4128 229 4198 bernari
244 4129 351 4198 dieas.
