<?xml version="1.0" encoding="UTF-8"?>
<!DOCTYPE html PUBLIC "-//W3C//DTD XHTML 1.0 Transitional//EN"
    "http://www.w3.org/TR/xhtml1/DTD/xhtml1-transitional.dtd">
<html xmlns="http://www.w3.org/1999/xhtml" xml:lang="en" lang="en">
 <head>
  <title>
</title>
<meta http-equiv="Content-Type" content="text/html;charset=utf-8" />
  <meta name='ocr-system' content='tesseract 3.04.00' />
  <meta name='ocr-capabilities' content='ocr_page ocr_carea ocr_par ocr_line ocrx_word'/>
</head>
<body>
  <div class='ocr_page' id='page_1' title='image "./quidecournotidi00bouggoog_0070.png"; bbox 0 0 2858 5090; ppageno 0'>
   <div class='ocr_carea' id='block_1_1' title="bbox 74 431 1128 2138">
    <p class='ocr_par' dir='ltr' id='par_1_1' title="bbox 74 431 1128 2138">
     <span class='ocr_line' id='line_1_1' title="bbox 524 431 666 486; baseline 0 -14"><span class='ocrx_word' id='word_1_1' title='bbox 524 463 558 472; x_wconf 67' lang='grc'><strong>-</strong></span> <span class='ocrx_word' id='word_1_2' title='bbox 578 431 610 486; x_wconf 71' lang='lat'>53</span> <span class='ocrx_word' id='word_1_3' title='bbox 629 461 666 472; x_wconf 86' lang='lat'>..</span> 
     </span>
     <span class='ocr_line' id='line_1_2' title="bbox 76 561 1125 668; baseline -0.01 -25"><span class='ocrx_word' id='word_1_4' title='bbox 76 575 105 643; x_wconf 92' lang='lat' dir='ltr'>in</span> <span class='ocrx_word' id='word_1_5' title='bbox 123 599 243 668; x_wconf 84' lang='lat' dir='ltr'>genera</span> <span class='ocrx_word' id='word_1_6' title='bbox 266 569 375 664; x_wconf 71' lang='lat' dir='ltr'>dividi</span> <span class='ocrx_word' id='word_1_7' title='bbox 395 595 496 666; x_wconf 87' lang='lat' dir='ltr'>posse</span> <span class='ocrx_word' id='word_1_8' title='bbox 511 568 744 638; x_wconf 72' lang='lat' dir='ltr'>arbitraretur.</span> <span class='ocrx_word' id='word_1_9' title='bbox 771 567 924 644; x_wconf 75' lang='lat' dir='ltr'>Frustra,</span> <span class='ocrx_word' id='word_1_10' title='bbox 948 561 1125 636; x_wconf 73' lang='lat' dir='ltr'>ediversis</span> 
     </span>
     <span class='ocr_line' id='line_1_3' title="bbox 77 700 1126 800; baseline -0.008 -24"><span class='ocrx_word' id='word_1_11' title='bbox 77 707 297 786; x_wconf 82' lang='lat' dir='ltr'>societatibus,</span> <span class='ocrx_word' id='word_1_12' title='bbox 315 705 633 800; x_wconf 82' lang='lat' dir='ltr'>phaenomenorum</span> <span class='ocrx_word' id='word_1_13' title='bbox 656 727 781 796; x_wconf 87' lang='lat' dir='ltr'>genera</span> <span class='ocrx_word' id='word_1_14' title='bbox 809 700 909 795; x_wconf 90' lang='lat' dir='ltr'>quasi</span> <span class='ocrx_word' id='word_1_15' title='bbox 928 700 1126 770; x_wconf 83' lang='lat' dir='ltr'>abstrahere</span> 
     </span>
     <span class='ocr_line' id='line_1_4' title="bbox 76 833 1127 932; baseline -0.008 -22"><span class='ocrx_word' id='word_1_16' title='bbox 76 841 255 920; x_wconf 84' lang='lat' dir='ltr'>conaberis,</span> <span class='ocrx_word' id='word_1_17' title='bbox 274 839 321 908; x_wconf 88' lang='lat' dir='ltr'>ita</span> <span class='ocrx_word' id='word_1_18' title='bbox 335 849 387 916; x_wconf 89' lang='lat' dir='ltr'>ut,</span> <span class='ocrx_word' id='word_1_19' title='bbox 403 836 489 932; x_wconf 92' lang='lat' dir='ltr'>quid</span> <span class='ocrx_word' id='word_1_20' title='bbox 503 835 613 905; x_wconf 87' lang='lat' dir='ltr'>valeat</span> <span class='ocrx_word' id='word_1_21' title='bbox 627 835 663 904; x_wconf 91' lang='lat' dir='ltr'>in</span> <span class='ocrx_word' id='word_1_22' title='bbox 690 834 895 904; x_wconf 76' lang='lat' dir='ltr'>universum</span> <span class='ocrx_word' id='word_1_23' title='bbox 914 833 973 903; x_wconf 92' lang='lat' dir='ltr'>hic</span> <span class='ocrx_word' id='word_1_24' title='bbox 992 845 1051 902; x_wconf 89' lang='lat' dir='ltr'>aut</span> <span class='ocrx_word' id='word_1_25' title='bbox 1069 833 1127 902; x_wconf 88' lang='lat' dir='ltr'>ille</span> 
     </span>
     <span class='ocr_line' id='line_1_5' title="bbox 76 966 1127 1062; baseline -0.009 -18"><span class='ocrx_word' id='word_1_26' title='bbox 76 974 189 1044; x_wconf 89' lang='lat' dir='ltr'>modus</span> <span class='ocrx_word' id='word_1_27' title='bbox 204 974 287 1042; x_wconf 90' lang='lat' dir='ltr'>deos</span> <span class='ocrx_word' id='word_1_28' title='bbox 307 970 458 1048; x_wconf 90' lang='lat' dir='ltr'>colendi,</span> <span class='ocrx_word' id='word_1_29' title='bbox 478 969 638 1039; x_wconf 90' lang='lat' dir='ltr'>homines</span> <span class='ocrx_word' id='word_1_30' title='bbox 659 967 888 1062; x_wconf 83' lang='lat' dir='ltr'>gubernandi,</span> <span class='ocrx_word' id='word_1_31' title='bbox 903 967 982 1062; x_wconf 88' lang='lat' dir='ltr'>jura</span> <span class='ocrx_word' id='word_1_32' title='bbox 1000 966 1127 1036; x_wconf 87' lang='lat' dir='ltr'>consti-</span> 
     </span>
     <span class='ocr_line' id='line_1_6' title="bbox 77 1101 1123 1198; baseline -0.007 -22"><span class='ocrx_word' id='word_1_33' title='bbox 77 1108 195 1187; x_wconf 89' lang='lat' dir='ltr'>tuendi,</span> <span class='ocrx_word' id='word_1_34' title='bbox 226 1134 280 1176; x_wconf 87' lang='lat' dir='ltr'>res</span> <span class='ocrx_word' id='word_1_35' title='bbox 309 1102 514 1182; x_wconf 80' lang='lat' dir='ltr'>fabricandi,</span> <span class='ocrx_word' id='word_1_36' title='bbox 542 1101 703 1196; x_wconf 83' lang='lat' dir='ltr'>colligere</span> <span class='ocrx_word' id='word_1_37' title='bbox 717 1102 851 1198; x_wconf 90' lang='lat' dir='ltr'>possis;</span> <span class='ocrx_word' id='word_1_38' title='bbox 879 1101 1123 1180; x_wconf 87' lang='lat' dir='ltr'>omncsenim,</span> 
     </span>
     <span class='ocr_line' id='line_1_7' title="bbox 75 1236 1127 1337; baseline -0.007 -26"><span class='ocrx_word' id='word_1_39' title='bbox 75 1242 172 1337; x_wconf 87' lang='lat' dir='ltr'>quiin</span> <span class='ocrx_word' id='word_1_40' title='bbox 187 1236 561 1311; x_wconf 82' lang='lat' dir='ltr'>societatibusdiversis</span> <span class='ocrx_word' id='word_1_41' title='bbox 571 1248 716 1314; x_wconf 89' lang='lat' dir='ltr'>exstant,</span> <span class='ocrx_word' id='word_1_42' title='bbox 731 1236 813 1305; x_wconf 91' lang='lat' dir='ltr'>tales</span> <span class='ocrx_word' id='word_1_43' title='bbox 827 1236 923 1306; x_wconf 90' lang='lat' dir='ltr'>modi</span> <span class='ocrx_word' id='word_1_44' title='bbox 939 1237 1127 1306; x_wconf 82' lang='lat' dir='ltr'>momentis</span> 
     </span>
     <span class='ocr_line' id='line_1_8' title="bbox 75 1369 1126 1467; baseline -0.001 -26"><span class='ocrx_word' id='word_1_45' title='bbox 75 1388 102 1443; x_wconf 87' lang='lat' dir='ltr'>et</span> <span class='ocrx_word' id='word_1_46' title='bbox 126 1375 280 1445; x_wconf 90' lang='lat' dir='ltr'>locorum</span> <span class='ocrx_word' id='word_1_47' title='bbox 315 1385 348 1442; x_wconf 92' lang='lat' dir='ltr'>et</span> <span class='ocrx_word' id='word_1_48' title='bbox 372 1385 571 1467; x_wconf 89' lang='lat' dir='ltr'>temporum</span> <span class='ocrx_word' id='word_1_49' title='bbox 599 1371 645 1439; x_wconf 89' lang='lat' dir='ltr'>ita</span> <span class='ocrx_word' id='word_1_50' title='bbox 674 1369 818 1439; x_wconf 87' lang='lat' dir='ltr'>obnoxii</span> <span class='ocrx_word' id='word_1_51' title='bbox 838 1382 919 1464; x_wconf 76' lang='lat' dir='ltr'>sunt</span> <span class='ocrx_word' id='word_1_52' title='bbox 938 1382 976 1438; x_wconf 85' lang='lat' dir='ltr'>ut</span> <span class='ocrx_word' id='word_1_53' title='bbox 1005 1395 1126 1440; x_wconf 88' lang='lat' dir='ltr'>eorum</span> 
     </span>
     <span class='ocr_line' id='line_1_9' title="bbox 75 1502 1126 1600; baseline -0.002 -24"><span class='ocrx_word' id='word_1_54' title='bbox 75 1509 276 1578; x_wconf 85' lang='lat' dir='ltr'>universales</span> <span class='ocrx_word' id='word_1_55' title='bbox 317 1507 458 1576; x_wconf 84' lang='lat' dir='ltr'>effectus</span> <span class='ocrx_word' id='word_1_56' title='bbox 499 1506 624 1574; x_wconf 82' lang='lat' dir='ltr'>inferre</span> <span class='ocrx_word' id='word_1_57' title='bbox 666 1502 943 1600; x_wconf 84' lang='lat' dir='ltr'>prohibeamur&#39;.</span> <span class='ocrx_word' id='word_1_58' title='bbox 984 1505 1126 1600; x_wconf 82' lang='lat' dir='ltr'>Respice</span> 
     </span>
     <span class='ocr_line' id='line_1_10' title="bbox 75 1629 1126 1734; baseline -0.002 -24"><span class='ocrx_word' id='word_1_59' title='bbox 75 1654 214 1721; x_wconf 90' lang='lat' dir='ltr'>tantum,</span> <span class='ocrx_word' id='word_1_60' title='bbox 234 1643 320 1710; x_wconf 93' lang='lat' dir='ltr'>dum</span> <span class='ocrx_word' id='word_1_61' title='bbox 344 1640 525 1709; x_wconf 87' lang='lat' dir='ltr'>historiam</span> <span class='ocrx_word' id='word_1_62' title='bbox 545 1629 921 1734; x_wconf 50' lang='lat' dir='ltr'>cujuslibet&#39;societatis</span> <span class='ocrx_word' id='word_1_63' title='bbox 949 1663 1126 1709; x_wconf 90' lang='lat' dir='ltr'>commen·</span> 
     </span>
     <span class='ocr_line' id='line_1_11' title="bbox 77 1771 1126 1872; baseline -0.002 -28"><span class='ocrx_word' id='word_1_64' title='bbox 77 1777 158 1855; x_wconf 84' lang='lat' dir='ltr'>toris,</span> <span class='ocrx_word' id='word_1_65' title='bbox 177 1787 262 1872; x_wconf 88' lang='lat' dir='ltr'>quot</span> <span class='ocrx_word' id='word_1_66' title='bbox 281 1773 592 1844; x_wconf 86' lang='lat' dir='ltr'>intercurrentibus</span> <span class='ocrx_word' id='word_1_67' title='bbox 613 1773 744 1841; x_wconf 90' lang='lat' dir='ltr'>eventis</span> <span class='ocrx_word' id='word_1_68' title='bbox 769 1771 941 1841; x_wconf 86' lang='lat' dir='ltr'>naturales</span> <span class='ocrx_word' id='word_1_69' title='bbox 964 1773 1031 1843; x_wconf 82' lang='lat' dir='ltr'>illae</span> <span class='ocrx_word' id='word_1_70' title='bbox 1046 1801 1126 1870; x_wconf 92' lang='lat' dir='ltr'>pro-</span> 
     </span>
     <span class='ocr_line' id='line_1_12' title="bbox 74 1905 1128 2004; baseline 0.002 -28"><span class='ocrx_word' id='word_1_71' title='bbox 74 1909 224 2003; x_wconf 86' lang='lat' dir='ltr'>prietates</span> <span class='ocrx_word' id='word_1_72' title='bbox 244 1908 343 2004; x_wconf 91' lang='lat' dir='ltr'>quasi</span> <span class='ocrx_word' id='word_1_73' title='bbox 363 1905 592 1976; x_wconf 86' lang='lat' dir='ltr'>occultentur.</span> <span class='ocrx_word' id='word_1_74' title='bbox 621 1918 707 2002; x_wconf 91' lang='lat' dir='ltr'>quot</span> <span class='ocrx_word' id='word_1_75' title='bbox 725 1905 966 2002; x_wconf 85' lang='lat' dir='ltr'>inexspectatis</span> <span class='ocrx_word' id='word_1_76' title='bbox 982 1908 1128 2003; x_wconf 75' lang='lat' dir='ltr'>privato-</span> 
     </span>
     <span class='ocr_line' id='line_1_13' title="bbox 76 2041 1128 2138; baseline 0.003 -29"><span class='ocrx_word' id='word_1_77' title='bbox 76 2070 145 2110; x_wconf 89' lang='lat' dir='ltr'>rum</span> <span class='ocrx_word' id='word_1_78' title='bbox 160 2054 218 2112; x_wconf 90' lang='lat' dir='ltr'>aut</span> <span class='ocrx_word' id='word_1_79' title='bbox 234 2042 456 2138; x_wconf 91' lang='lat' dir='ltr'>publicorum</span> <span class='ocrx_word' id='word_1_80' title='bbox 476 2041 663 2109; x_wconf 81' lang='lat' dir='ltr'>affectuum</span> <span class='ocrx_word' id='word_1_81' title='bbox 684 2041 990 2135; x_wconf 86' lang='lat' dir='ltr'>conjunctionibus</span> <span class='ocrx_word' id='word_1_82' title='bbox 1008 2043 1128 2112; x_wconf 73' lang='lat' dir='ltr'>formae</span> 
     </span>
    </p>
   </div>
   <div class='ocr_carea' id='block_1_2' title="bbox 74 2175 1129 2272">
    <p class='ocr_par' dir='ltr' id='par_1_2' title="bbox 74 2175 1129 2272">
     <span class='ocr_line' id='line_1_14' title="bbox 74 2175 1129 2272; baseline 0.003 -30"><span class='ocrx_word' id='word_1_83' title='bbox 74 2175 134 2245; x_wconf 78' lang='lat' dir='ltr'>illa</span> <span class='ocrx_word' id='word_1_84' title='bbox 163 2187 406 2272; x_wconf 89' lang='lat' dir='ltr'>permanentes</span> <span class='ocrx_word' id='word_1_85' title='bbox 426 2175 685 2270; x_wconf 87' lang='lat' dir='ltr'>perturbentur,</span> <span class='ocrx_word' id='word_1_86' title='bbox 718 2186 803 2269; x_wconf 84' lang='lat' dir='ltr'>quot</span> <span class='ocrx_word' id='word_1_87' title='bbox 823 2175 958 2243; x_wconf 80' lang='lat' dir='ltr'>casibus</span> <span class='ocrx_word' id='word_1_88' title='bbox 978 2175 1129 2272; x_wconf 90' lang='lat' dir='ltr'>denique</span> 
     </span>
    </p>
   </div>
   <div class='ocr_carea' id='block_1_3' title="bbox 76 2307 1128 2405">
    <p class='ocr_par' dir='ltr' id='par_1_3' title="bbox 76 2307 1128 2405">
     <span class='ocr_line' id='line_1_15' title="bbox 76 2307 1128 2405; baseline 0.002 -29"><span class='ocrx_word' id='word_1_89' title='bbox 76 2310 240 2379; x_wconf 87' lang='lat' dir='ltr'>normales</span> <span class='ocrx_word' id='word_1_90' title='bbox 250 2335 362 2378; x_wconf 82' lang='lat' dir='ltr'>causae</span> <span class='ocrx_word' id='word_1_91' title='bbox 375 2334 474 2404; x_wconf 82' lang='lat' dir='ltr'>paene</span> <span class='ocrx_word' id='word_1_92' title='bbox 489 2307 754 2402; x_wconf 82' lang='lat' dir='ltr'>exstinguantur</span> <span class='ocrx_word' id='word_1_93' title='bbox 773 2335 779 2376; x_wconf 92' lang='lat'>:</span> <span class='ocrx_word' id='word_1_94' title='bbox 795 2308 868 2402; x_wconf 88' lang='lat' dir='ltr'>jam</span> <span class='ocrx_word' id='word_1_95' title='bbox 890 2309 969 2378; x_wconf 89' lang='lat' dir='ltr'>satis</span> <span class='ocrx_word' id='word_1_96' title='bbox 983 2310 1128 2405; x_wconf 91' lang='lat' dir='ltr'>planum</span> 
     </span>
    </p>
   </div>
   <div class='ocr_carea' id='block_1_4' title="bbox 73 2439 1130 3206">
    <p class='ocr_par' dir='ltr' id='par_1_4' title="bbox 75 2439 1129 2672">
     <span class='ocr_line' id='line_1_16' title="bbox 76 2439 1129 2539; baseline 0.004 -29"><span class='ocrx_word' id='word_1_97' title='bbox 76 2444 130 2511; x_wconf 87' lang='lat' dir='ltr'>tibi</span> <span class='ocrx_word' id='word_1_98' title='bbox 146 2444 208 2513; x_wconf 89' lang='lat' dir='ltr'>erit</span> <span class='ocrx_word' id='word_1_99' title='bbox 229 2445 336 2537; x_wconf 67' lang='lat' dir='ltr'>leges</span> <span class='ocrx_word' id='word_1_100' title='bbox 359 2469 377 2511; x_wconf 86' lang='lat' dir='ltr'>e</span> <span class='ocrx_word' id='word_1_101' title='bbox 402 2443 529 2539; x_wconf 90' lang='lat' dir='ltr'>quibus</span> <span class='ocrx_word' id='word_1_102' title='bbox 553 2439 711 2511; x_wconf 88' lang='lat' dir='ltr'>scientias</span> <span class='ocrx_word' id='word_1_103' title='bbox 729 2441 952 2536; x_wconf 83' lang='lat' dir='ltr'>sociologicus</span> <span class='ocrx_word' id='word_1_104' title='bbox 973 2456 1129 2514; x_wconf 85' lang='lat' dir='ltr'>constare</span> 
     </span>
     <span class='ocr_line' id='line_1_17' title="bbox 75 2577 930 2672; baseline 0 -28"><span class='ocrx_word' id='word_1_105' title='bbox 75 2577 163 2656; x_wconf 76' lang='lat' dir='ltr'>selis,</span> <span class='ocrx_word' id='word_1_106' title='bbox 177 2577 326 2646; x_wconf 91' lang='lat' dir='ltr'>dubium</span> <span class='ocrx_word' id='word_1_107' title='bbox 345 2603 418 2644; x_wconf 88' lang='lat' dir='ltr'>esso</span> <span class='ocrx_word' id='word_1_108' title='bbox 438 2602 526 2644; x_wconf 90' lang='lat' dir='ltr'>num</span> <span class='ocrx_word' id='word_1_109' title='bbox 541 2603 698 2672; x_wconf 91' lang='lat' dir='ltr'>unquam</span> <span class='ocrx_word' id='word_1_110' title='bbox 715 2577 930 2669; x_wconf 86' lang='lat' dir='ltr'>detegantur.</span> 
     </span>
    </p>

    <p class='ocr_par' dir='ltr' id='par_1_5' title="bbox 73 2710 1130 3206">
     <span class='ocr_line' id='line_1_18' title="bbox 116 2710 1129 2807; baseline 0.001 -28"><span class='ocrx_word' id='word_1_111' title='bbox 116 2712 159 2781; x_wconf 73' lang='lat' dir='ltr'>At</span> <span class='ocrx_word' id='word_1_112' title='bbox 186 2711 281 2781; x_wconf 90' lang='lat' dir='ltr'>enim</span> <span class='ocrx_word' id='word_1_113' title='bbox 301 2737 418 2779; x_wconf 89' lang='lat' dir='ltr'>nonne</span> <span class='ocrx_word' id='word_1_114' title='bbox 440 2710 595 2779; x_wconf 90' lang='lat' dir='ltr'>Rationis</span> <span class='ocrx_word' id='word_1_115' title='bbox 615 2723 678 2788; x_wconf 89' lang='lat' dir='ltr'>est,</span> <span class='ocrx_word' id='word_1_116' title='bbox 702 2711 806 2779; x_wconf 90' lang='lat' dir='ltr'>etiam</span> <span class='ocrx_word' id='word_1_117' title='bbox 830 2710 866 2778; x_wconf 93' lang='lat' dir='ltr'>in</span> <span class='ocrx_word' id='word_1_118' title='bbox 887 2712 990 2780; x_wconf 92' lang='lat' dir='ltr'>rebus</span> <span class='ocrx_word' id='word_1_119' title='bbox 1011 2711 1129 2807; x_wconf 91' lang='lat' dir='ltr'>impli-</span> 
     </span>
     <span class='ocr_line' id='line_1_19' title="bbox 73 2843 1130 2940; baseline 0.003 -30"><span class='ocrx_word' id='word_1_120' title='bbox 73 2845 149 2913; x_wconf 84' lang='lat' dir='ltr'>catis</span> <span class='ocrx_word' id='word_1_121' title='bbox 165 2856 197 2914; x_wconf 89' lang='lat' dir='ltr'>et</span> <span class='ocrx_word' id='word_1_122' title='bbox 211 2843 445 2940; x_wconf 87' lang='lat' dir='ltr'>peculiaribus</span> <span class='ocrx_word' id='word_1_123' title='bbox 458 2843 628 2938; x_wconf 87' lang='lat' dir='ltr'>simplicia</span> <span class='ocrx_word' id='word_1_124' title='bbox 644 2855 675 2912; x_wconf 90' lang='lat' dir='ltr'>et</span> <span class='ocrx_word' id='word_1_125' title='bbox 691 2843 899 2913; x_wconf 78' lang='lat' dir='ltr'>universalia</span> <span class='ocrx_word' id='word_1_126' title='bbox 913 2844 1130 2914; x_wconf 70' lang='lat' dir='ltr'>discernere.l</span> 
     </span>
     <span class='ocr_line' id='line_1_20' title="bbox 73 2977 1129 3074; baseline 0.004 -29"><span class='ocrx_word' id='word_1_127' title='bbox 73 2978 170 3066; x_wconf 83' lang='lat' dir='ltr'>Quod</span> <span class='ocrx_word' id='word_1_128' title='bbox 185 2978 290 3048; x_wconf 88' lang='lat' dir='ltr'>efficit</span> <span class='ocrx_word' id='word_1_129' title='bbox 305 3004 343 3047; x_wconf 90' lang='lat' dir='ltr'>ea</span> <span class='ocrx_word' id='word_1_130' title='bbox 359 2978 457 3056; x_wconf 89' lang='lat' dir='ltr'>dum,</span> <span class='ocrx_word' id='word_1_131' title='bbox 474 2977 650 3056; x_wconf 89' lang='lat' dir='ltr'>consult0,</span> <span class='ocrx_word' id='word_1_132' title='bbox 669 3003 746 3073; x_wconf 83' lang='lat' dir='ltr'>quae</span> <span class='ocrx_word' id='word_1_133' title='bbox 758 3005 874 3046; x_wconf 89' lang='lat' dir='ltr'>rerum</span> <span class='ocrx_word' id='word_1_134' title='bbox 888 2991 1129 3074; x_wconf 88' lang='lat' dir='ltr'>permanentes</span> 
     </span>
     <span class='ocr_line' id='line_1_21' title="bbox 73 3112 1130 3206; baseline 0.002 -26"><span class='ocrx_word' id='word_1_135' title='bbox 73 3112 326 3182; x_wconf 81' lang='lat' dir='ltr'>convenientias</span> <span class='ocrx_word' id='word_1_136' title='bbox 354 3138 435 3180; x_wconf 89' lang='lat' dir='ltr'>casu</span> <span class='ocrx_word' id='word_1_137' title='bbox 467 3112 682 3206; x_wconf 88' lang='lat' dir='ltr'>perturbent,</span> <span class='ocrx_word' id='word_1_138' title='bbox 714 3113 957 3206; x_wconf 72' lang='lat' dir='ltr'>prater-mittit.</span> <span class='ocrx_word' id='word_1_139' title='bbox 988 3113 1130 3184; x_wconf 86' lang='lat' dir='ltr'>Talibus</span> 
     </span>
    </p>
   </div>
   <div class='ocr_carea' id='block_1_5' title="bbox 72 3245 1129 3340">
    <p class='ocr_par' dir='ltr' id='par_1_6' title="bbox 72 3245 1129 3340">
     <span class='ocr_line' id='line_1_22' title="bbox 72 3245 1129 3340; baseline 0.003 -28"><span class='ocrx_word' id='word_1_140' title='bbox 72 3245 419 3338; x_wconf 71' lang='lat' dir='ltr'>praetermissionihus</span> <span class='ocrx_word' id='word_1_141' title='bbox 447 3271 564 3314; x_wconf 92' lang='lat' dir='ltr'>nonne</span> <span class='ocrx_word' id='word_1_142' title='bbox 593 3245 759 3340; x_wconf 75' lang='lat' dir='ltr'>physicus</span> <span class='ocrx_word' id='word_1_143' title='bbox 798 3245 860 3316; x_wconf 88' lang='lat' dir='ltr'>iste</span> <span class='ocrx_word' id='word_1_144' title='bbox 894 3246 1014 3326; x_wconf 88' lang='lat' dir='ltr'>utitur,</span> <span class='ocrx_word' id='word_1_145' title='bbox 1044 3247 1129 3315; x_wconf 90' lang='lat' dir='ltr'>dum</span> 
     </span>
    </p>
   </div>
   <div class='ocr_carea' id='block_1_6' title="bbox 69 3467 1131 4163">
    <p class='ocr_par' dir='ltr' id='par_1_7' title="bbox 69 3467 1131 4163">
     <span class='ocr_line' id='line_1_23' title="bbox 106 3467 1131 3539; baseline 0.002 -21"><span class='ocrx_word' id='word_1_146' title='bbox 106 3471 126 3518; x_wconf 87' lang='lat' dir='ltr'>l.</span> <span class='ocrx_word' id='word_1_147' title='bbox 148 3467 235 3527; x_wconf 61' lang='lat' dir='ltr'>leid„</span> <span class='ocrx_word' id='word_1_148' title='bbox 254 3468 287 3530; x_wconf 84' lang='lat' dir='ltr'>ll,</span> <span class='ocrx_word' id='word_1_149' title='bbox 307 3471 367 3520; x_wconf 80' lang='lat'>195.</span> <span class='ocrx_word' id='word_1_150' title='bbox 386 3489 399 3518; x_wconf 77' lang='grc' dir='ltr'>ι(</span> <span class='ocrx_word' id='word_1_151' title='bbox 415 3467 435 3517; x_wconf 86' lang='grc' dir='ltr'>ΙΙ</span> <span class='ocrx_word' id='word_1_152' title='bbox 451 3486 466 3536; x_wconf 77' lang='lat' dir='ltr'>y</span> <span class='ocrx_word' id='word_1_153' title='bbox 482 3486 496 3517; x_wconf 88' lang='lat' dir='ltr'>a</span> <span class='ocrx_word' id='word_1_154' title='bbox 511 3467 534 3518; x_wconf 74' lang='lat' dir='ltr'>la</span> <span class='ocrx_word' id='word_1_155' title='bbox 549 3467 624 3536; x_wconf 86' lang='lat' dir='ltr'>(dans</span> <span class='ocrx_word' id='word_1_156' title='bbox 639 3467 662 3518; x_wconf 86' lang='lat' dir='ltr'>le</span> <span class='ocrx_word' id='word_1_157' title='bbox 681 3468 726 3538; x_wconf 81' lang='lat' dir='ltr'>jeu</span> <span class='ocrx_word' id='word_1_158' title='bbox 748 3467 791 3518; x_wconf 88' lang='lat' dir='ltr'>des</span> <span class='ocrx_word' id='word_1_159' title='bbox 810 3469 891 3519; x_wconf 82' lang='lat' dir='ltr'>forces</span> <span class='ocrx_word' id='word_1_160' title='bbox 905 3487 955 3538; x_wconf 90' lang='lat' dir='ltr'>que</span> <span class='ocrx_word' id='word_1_161' title='bbox 969 3470 992 3520; x_wconf 90' lang='lat' dir='ltr'>la</span> <span class='ocrx_word' id='word_1_162' title='bbox 1007 3469 1131 3539; x_wconf 81' lang='lat' dir='ltr'>politique</span> 
     </span>
     <span class='ocr_line' id='line_1_24' title="bbox 71 3555 1131 3630; baseline 0.003 -25"><span class='ocrx_word' id='word_1_163' title='bbox 71 3557 163 3630; x_wconf 75' lang='lat' dir='ltr'>etudie)</span> <span class='ocrx_word' id='word_1_164' title='bbox 177 3565 234 3627; x_wconf 86' lang='lat' dir='ltr'>trop</span> <span class='ocrx_word' id='word_1_165' title='bbox 249 3557 280 3607; x_wconf 89' lang='lat' dir='ltr'>do</span> <span class='ocrx_word' id='word_1_166' title='bbox 295 3556 483 3625; x_wconf 87' lang='lat' dir='ltr'>complication,</span> <span class='ocrx_word' id='word_1_167' title='bbox 495 3563 551 3625; x_wconf 81' lang='lat' dir='ltr'>trop</span> <span class='ocrx_word' id='word_1_168' title='bbox 560 3557 591 3606; x_wconf 83' lang='lat' dir='ltr'>(le</span> <span class='ocrx_word' id='word_1_169' title='bbox 603 3555 719 3625; x_wconf 77' lang='lat' dir='ltr'>melange</span> <span class='ocrx_word' id='word_1_170' title='bbox 730 3557 773 3608; x_wconf 84' lang='lat' dir='ltr'>des</span> <span class='ocrx_word' id='word_1_171' title='bbox 787 3575 873 3608; x_wconf 87' lang='lat' dir='ltr'>causes</span> <span class='ocrx_word' id='word_1_172' title='bbox 885 3558 1131 3609; x_wconf 88' lang='lat' dir='ltr'>constitutionnelles</span> 
     </span>
     <span class='ocr_line' id='line_1_25' title="bbox 71 3645 1130 3714; baseline 0.005 -21"><span class='ocrx_word' id='word_1_173' title='bbox 71 3652 92 3694; x_wconf 89' lang='lat' dir='ltr'>et</span> <span class='ocrx_word' id='word_1_174' title='bbox 106 3645 148 3696; x_wconf 87' lang='lat' dir='ltr'>des</span> <span class='ocrx_word' id='word_1_175' title='bbox 162 3665 250 3697; x_wconf 86' lang='lat' dir='ltr'>causes</span> <span class='ocrx_word' id='word_1_176' title='bbox 265 3646 391 3703; x_wconf 78' lang='lat' dir='ltr'>fortuitas,</span> <span class='ocrx_word' id='word_1_177' title='bbox 407 3652 509 3696; x_wconf 89' lang='lat' dir='ltr'>surtout</span> <span class='ocrx_word' id='word_1_178' title='bbox 523 3653 582 3714; x_wconf 90' lang='lat' dir='ltr'>trop</span> <span class='ocrx_word' id='word_1_179' title='bbox 594 3645 625 3696; x_wconf 82' lang='lat' dir='ltr'>de</span> <span class='ocrx_word' id='word_1_180' title='bbox 638 3664 719 3714; x_wconf 85' lang='lat' dir='ltr'>rague</span> <span class='ocrx_word' id='word_1_181' title='bbox 733 3645 795 3696; x_wconf 87' lang='lat' dir='ltr'>dans</span> <span class='ocrx_word' id='word_1_182' title='bbox 808 3646 843 3696; x_wconf 88' lang='lat' dir='ltr'>les</span> <span class='ocrx_word' id='word_1_183' title='bbox 857 3665 967 3698; x_wconf 86' lang='lat' dir='ltr'>nuunces</span> <span class='ocrx_word' id='word_1_184' title='bbox 981 3655 1006 3697; x_wconf 89' lang='lat' dir='ltr'>et</span> <span class='ocrx_word' id='word_1_185' title='bbox 1018 3647 1130 3698; x_wconf 84' lang='lat' dir='ltr'>d&#39;obsta-</span> 
     </span>
     <span class='ocr_line' id='line_1_26' title="bbox 71 3733 1130 3804; baseline 0.005 -23"><span class='ocrx_word' id='word_1_186' title='bbox 71 3733 114 3782; x_wconf 84' lang='lat' dir='ltr'>cles</span> <span class='ocrx_word' id='word_1_187' title='bbox 128 3737 141 3784; x_wconf 77' lang='lat' dir='ltr'>ts</span> <span class='ocrx_word' id='word_1_188' title='bbox 155 3735 179 3785; x_wconf 87' lang='lat' dir='ltr'>ln</span> <span class='ocrx_word' id='word_1_189' title='bbox 193 3735 319 3804; x_wconf 87' lang='lat' dir='ltr'>pre&#39;cision</span> <span class='ocrx_word' id='word_1_190' title='bbox 334 3734 378 3784; x_wconf 88' lang='lat' dir='ltr'>des</span> <span class='ocrx_word' id='word_1_191' title='bbox 393 3752 516 3790; x_wconf 82' lang='lat' dir='ltr'>mcsuros,</span> <span class='ocrx_word' id='word_1_192' title='bbox 534 3751 599 3803; x_wconf 87' lang='lat' dir='ltr'>pour</span> <span class='ocrx_word' id='word_1_193' title='bbox 613 3753 664 3804; x_wconf 91' lang='lat' dir='ltr'>que</span> <span class='ocrx_word' id='word_1_194' title='bbox 683 3735 706 3785; x_wconf 89' lang='lat' dir='ltr'>la</span> <span class='ocrx_word' id='word_1_195' title='bbox 721 3736 894 3785; x_wconf 89' lang='lat' dir='ltr'>construction</span> <span class='ocrx_word' id='word_1_196' title='bbox 911 3735 1069 3804; x_wconf 85' lang='lat' dir='ltr'>scientifiquc</span> <span class='ocrx_word' id='word_1_197' title='bbox 1084 3735 1130 3786; x_wconf 87' lang='lat' dir='ltr'>de-</span> 
     </span>
     <span class='ocr_line' id='line_1_27' title="bbox 71 3823 1131 3894; baseline 0.004 -23"><span class='ocrx_word' id='word_1_198' title='bbox 71 3823 154 3874; x_wconf 78' lang='lat' dir='ltr'>rionne</span> <span class='ocrx_word' id='word_1_199' title='bbox 167 3823 285 3893; x_wconf 86' lang='lat' dir='ltr'>possible.</span> <span class='ocrx_word' id='word_1_200' title='bbox 303 3823 324 3873; x_wconf 93' lang='lat' dir='ltr'>ll</span> <span class='ocrx_word' id='word_1_201' title='bbox 345 3824 434 3874; x_wconf 77' lang='lat' dir='ltr'>tandm</span> <span class='ocrx_word' id='word_1_202' title='bbox 456 3842 482 3874; x_wconf 91' lang='lat' dir='ltr'>se</span> <span class='ocrx_word' id='word_1_203' title='bbox 502 3831 636 3875; x_wconf 73' lang='lat' dir='ltr'>contentos</span> <span class='ocrx_word' id='word_1_204' title='bbox 651 3823 879 3894; x_wconf 77' lang='lat' dir='ltr'>d&#39;apophthegmes</span> <span class='ocrx_word' id='word_1_205' title='bbox 901 3843 934 3875; x_wconf 94' lang='lat' dir='ltr'>ou</span> <span class='ocrx_word' id='word_1_206' title='bbox 955 3824 986 3875; x_wconf 88' lang='lat' dir='ltr'>de</span> <span class='ocrx_word' id='word_1_207' title='bbox 1008 3825 1131 3876; x_wconf 85' lang='lat' dir='ltr'>maximos</span> 
     </span>
     <span class='ocr_line' id='line_1_28' title="bbox 70 3912 1128 3982; baseline 0.005 -22"><span class='ocrx_word' id='word_1_208' title='bbox 70 3912 204 3976; x_wconf 73' lang='lat' dir='ltr'>gerrerales,</span> <span class='ocrx_word' id='word_1_209' title='bbox 228 3913 392 3982; x_wconf 73' lang='lat' dir='ltr'>appropriees</span> <span class='ocrx_word' id='word_1_210' title='bbox 415 3921 515 3963; x_wconf 89' lang='lat' dir='ltr'>surtout</span> <span class='ocrx_word' id='word_1_211' title='bbox 540 3916 554 3964; x_wconf 77' lang='lat' dir='ltr'>b</span> <span class='ocrx_word' id='word_1_212' title='bbox 574 3915 598 3965; x_wconf 87' lang='lat' dir='ltr'>la</span> <span class='ocrx_word' id='word_1_213' title='bbox 621 3913 791 3964; x_wconf 72' lang='lat' dir='ltr'>declamation</span> <span class='ocrx_word' id='word_1_214' title='bbox 806 3914 925 3965; x_wconf 86' lang='lat' dir='ltr'>oratoiro.</span> <span class='ocrx_word' id='word_1_215' title='bbox 944 3935 957 3963; x_wconf 82' lang='lat' dir='ltr'>o</span> <span class='ocrx_word' id='word_1_216' title='bbox 983 3914 1024 3966; x_wconf 78' lang='lat' dir='ltr'>cf.</span> <span class='ocrx_word' id='word_1_217' title='bbox 1041 3913 1128 3973; x_wconf 63' lang='lat' dir='ltr'>leid,</span> 
     </span>
     <span class='ocr_line' id='line_1_29' title="bbox 70 4001 1130 4072; baseline 0.006 -23"><span class='ocrx_word' id='word_1_218' title='bbox 70 4001 124 4050; x_wconf 78' lang='lat'>201.</span> <span class='ocrx_word' id='word_1_219' title='bbox 143 4021 156 4050; x_wconf 79' lang='lat' dir='ltr'>a</span> <span class='ocrx_word' id='word_1_220' title='bbox 178 4001 226 4052; x_wconf 89' lang='lat' dir='ltr'>Les</span> <span class='ocrx_word' id='word_1_221' title='bbox 241 4002 335 4051; x_wconf 80' lang='lat' dir='ltr'>formes</span> <span class='ocrx_word' id='word_1_222' title='bbox 356 4001 491 4070; x_wconf 86' lang='lat' dir='ltr'>politiques</span> <span class='ocrx_word' id='word_1_223' title='bbox 511 4001 628 4052; x_wconf 69' lang='lat' dir='ltr'>resistent</span> <span class='ocrx_word' id='word_1_224' title='bbox 643 4003 709 4054; x_wconf 90' lang='lat' dir='ltr'>donc</span> <span class='ocrx_word' id='word_1_225' title='bbox 724 4009 824 4054; x_wconf 88' lang='lat' dir='ltr'>comme</span> <span class='ocrx_word' id='word_1_226' title='bbox 844 4003 880 4054; x_wconf 86' lang='lat' dir='ltr'>los</span> <span class='ocrx_word' id='word_1_227' title='bbox 901 4004 1015 4072; x_wconf 80' lang='lat' dir='ltr'>langues,</span> <span class='ocrx_word' id='word_1_228' title='bbox 1030 4022 1130 4055; x_wconf 90' lang='lat' dir='ltr'>comme</span> 
     </span>
     <span class='ocr_line' id='line_1_30' title="bbox 69 4085 1111 4163; baseline 0.006 -27"><span class='ocrx_word' id='word_1_229' title='bbox 69 4085 230 4158; x_wconf 81' lang='lat' dir='ltr'>lesreligions</span> <span class='ocrx_word' id='word_1_230' title='bbox 245 4109 293 4141; x_wconf 82' lang='lat' dir='ltr'>aux</span> <span class='ocrx_word' id='word_1_231' title='bbox 308 4090 383 4140; x_wconf 87' lang='lat' dir='ltr'>essais</span> <span class='ocrx_word' id='word_1_232' title='bbox 398 4089 428 4139; x_wconf 90' lang='lat' dir='ltr'>do</span> <span class='ocrx_word' id='word_1_233' title='bbox 441 4089 616 4140; x_wconf 83' lang='lat' dir='ltr'>classification</span> <span class='ocrx_word' id='word_1_234' title='bbox 631 4099 656 4141; x_wconf 91' lang='lat' dir='ltr'>ot</span> <span class='ocrx_word' id='word_1_235' title='bbox 670 4092 701 4142; x_wconf 90' lang='lat' dir='ltr'>dc</span> <span class='ocrx_word' id='word_1_236' title='bbox 716 4092 892 4160; x_wconf 80' lang='lat' dir='ltr'>coordinatjon</span> <span class='ocrx_word' id='word_1_237' title='bbox 907 4093 1074 4163; x_wconf 83' lang='lat' dir='ltr'>scientilique.</span> <span class='ocrx_word' id='word_1_238' title='bbox 1097 4113 1111 4142; x_wconf 90' lang='lat'>»</span> 
     </span>
    </p>
   </div>
   <div class='ocr_carea' id='block_1_7' title="bbox 0 0 1434 5090">
    <p class='ocr_par' dir='ltr' id='par_1_8' title="bbox 0 0 1434 5090">
     <span class='ocr_line' id='line_1_31' title="bbox 0 0 1434 5090; baseline 0 0"><span class='ocrx_word' id='word_1_239' title='bbox 0 0 1434 5090; x_wconf 95' lang='lat' dir='ltr'> </span> 
     </span>
    </p>
   </div>
  </div>
 </body>
</html>
