2684 4896
604 344 775 396 -3t-.

143 479 261 557 Marte,
293 477 577 574 a'puguautibus
610 477 762 573 populis,
790 477 943 546 uicissim
974 489 1131 574 occupata
1158 491 1180 548 at

141 613 267 681 amissa
291 625 353 689 ost,
386 612 448 680 uui
475 610 607 707 populo
642 611 780 679 taudem
807 611 906 690 adsit,
936 610 1031 681 haud
1058 612 1181 680 dubium

141 745 226 843 quin
243 772 315 816 non
331 772 348 814 e
365 744 482 814 Martis
503 743 653 813 sortibus
666 755 814 822 tautum,
828 745 887 813 sed
903 771 920 812 e
936 745 1107 815 constanti
1117 771 1182 841 quo-

140 880 221 949 dam
241 889 421 948 momento
445 876 646 972 conjunctio
673 875 730 944 illa
756 876 992 972 pependerit¹.
1018 879 1110 948 Inter
1132 877 1182 946 for-

144 1013 225 1081 tuita
256 1012 362 1105 igitur
390 1010 479 1080 nihil
505 1010 618 1079 obstat
644 1010 729 1105 quia
757 1009 888 1106 aliquid
913 1009 1064 1080 emineat
1092 1037 1184 1080 neces·

142 1145 234 1214 sarii.

191 1277 294 1366 Quod
315 1303 358 1345 na
373 1290 473 1372 putes
489 1279 531 1346 (le
548 1277 704 1345 minimis
726 1288 858 1345 tantum
876 1277 989 1346 valere
1013 1304 1019 1346 :
1043 1277 1100 1346 illa
1118 1302 1184 1372 qua

142 1439 209 1508 qua
225 1411 380 1503 graviora
396 1412 524 1507 quihus
540 1437 609 1480 nou
627 1411 803 1506 principos
825 1423 962 1480 tantum
979 1411 1040 1480 sed
1054 1409 1185 1480 universi

142 1545 274 1642 pupuli
298 1571 369 1613 non
386 1545 487 1640 pauci
507 1544 565 1613 sad
584 1543 740 1639 plerique
757 1544 873 1612 subito
889 1545 959 1613 ictu
971 1571 1041 1613 una
1056 1569 1187 1614 commo·

141 1691 278 1757 ventur,
308 1679 375 1748 t'ato
400 1677 538 1746 cuidam
566 1676 735 1772 subjicere
759 1678 808 1745 sas
833 1689 895 1745 ast.
925 1678 1043 1771 Magni
1068 1679 1188 1746 interest

98 1827 101 1835 '
142 1839 219 1892 nos
247 1812 471 1908 politicarum
501 1811 658 1879 uirorum
686 1811 836 1880 clamare
862 1838 900 1880 ac
928 1811 1074 1907 strepitu
1100 1809 1189 1906 captis

141 1927 295 2025 auribus⁹
327 1972 399 2015 nou
423 1945 582 2014 oblivisci
607 1945 678 2013 ima
703 1945 918 2014 societatum.
942 1945 1042 2015 Errat
1066 1946 1094 2014 si
1113 1944 1187 2040 quis,

140 2106 372 2176 quacumque
392 2090 513 2149 notatu
534 2079 639 2173 digna
654 2091 687 2148 et
708 2079 741 2147 in
764 2078 874 2148 Gallia
887 2091 921 2148 et
935 2079 972 2147 in
988 2080 1109 2148 ceteris
1124 2104 1190 2172 gen-

141 2214 232 2284 tibus
259 2225 378 2282 nostro
407 2214 550 2309 quidem
578 2213 704 2282 saeculo
732 2213 921 2291 evenerint,
945 2239 984 2284 ea
1008 2240 1050 2283 ex
1076 2210 1192 2308 ingenti

141 2347 427 2426 commutatione,
458 2374 527 2443 qua
553 2346 663 2416 Gallia
690 2347 755 2414 sub
785 2346 894 2415 finem
923 2347 1112 2442 superioris
1143 2371 1191 2413 sae-

140 2480 208 2548 culi
222 2493 380 2575 quassata
394 2493 455 2559 est,
470 2480 872 2576 omniaortaesseputat.
884 2481 971 2568 Quae
981 2479 1192 2574 conflagratio

139 2614 274 2682 etiamsi
290 2640 360 2683 non
377 2614 558 2708 erupisset,
571 2626 698 2710 quotet
709 2640 826 2683 rarum
837 2613 1035 2683 etidearum
1045 2612 1193 2683 mutatio·

140 2773 199 2816 nes
210 2747 409 2816 necessaria}
424 2747 724 2816 mansissentetad
735 2748 849 2817 lucam
861 2747 1066 2818 evasissent!
1084 2748 1193 2818 Nonne

137 2878 174 2946 ia
203 2880 428 2948 aconomicis
461 2880 564 2948 rebus
591 2879 743 2949 vidimus
773 2894 806 2950 ot
829 2881 978 2977 perfecta
1006 2879 1193 2951 mechanica

138 3037 254 3106 opera,
274 3024 306 3080 at
319 3011 390 3081 vias
405 3012 664 3108 multiplicatas
680 3025 713 3081 et
723 3013 798 3082 auri
813 3026 950 3084 auctam
965 3014 1115 3110 copiam,
1129 3037 1193 3109 qua

137 3144 255 3213 amaia
279 3145 466 3213 hominum
485 3145 697 3214 commercio
715 3172 843 3215 novam
862 3147 960 3242 quasi
981 3148 1132 3241 effigiem
1150 3145 1193 3212 in·
1225 3154 1227 3229 t

135 3278 322 3347 lixarunt²2³
338 3278 443 3366 Quod
458 3305 538 3348 vero
550 3279 593 3348 ad
604 3279 795 3348 libertatem
806 3279 939 3359 attinet,
955 3305 1077 3350 nonne
1087 3290 1189 3375 putas,

137 3411 240 3479 etiam
255 3412 384 3507 absque
400 3438 416 3481 a
431 3413 633 3482 Conventus
648 3438 665 3481 ))
680 3412 774 3481 iltius
786 3439 863 3507 apa,
878 3414 1038 3482 futurum
1048 3413 1151 3482 fuisse
1165 3421 1195 3479 ut

135 3748 371 3800 d’unera'avolution
395 3749 458 3801 dont
479 3750 497 3801 il
521 3751 575 3802 taut
599 3749 722 3801 chercher
736 3751 759 3802 la
775 3751 871 3803 raison
894 3750 957 3801 dans
979 3750 1002 3802 ta
1025 3751 1139 3803 caducitt
1162 3749 1196 3802 des
1225 3746 1227 3791 ἷ

136 3837 233 3888 sieilles
247 3838 437 3892 institutions...
456 3860 469 3888 u
794 3817 800 3829 .

173 3928 197 3975 ’1.
218 3924 353 3977 Fundam.
370 3925 405 3978 de
421 3944 471 3978 nos
486 3943 578 3988 canu„
596 3928 616 3986 l,
634 3947 659 3998 p.
681 3928 724 3980 3t.

172 4015 195 4064 2.
219 4014 334 4066 Mat-che
350 4014 399 4066 des
414 4014 505 4067 lde'es
525 4017 557 4075 H,
575 4035 599 4084 p.
619 4019 669 4068 246
683 4035 739 4086 sqq.
