2684 4896
497 331 639 383 -77..

60 478 204 562 usurpant
226 465 347 567 forma
371 491 490 534 cacum
511 464 668 534 doctrina
688 465 747 534 liat
770 478 1014 535 consentanca.
1034 466 1103 536 Nec

57 598 203 669 doctrinae
226 610 375 677 tautum,
399 599 458 668 scd
480 600 595 669 servor
617 611 650 667 ct
669 598 776 694 pictas
797 610 978 668 mutantur
998 599 1104 668 simul

53 759 120 802 cum
154 733 366 826 religionum
402 732 620 826 sociologicis
656 732 994 802 constitutionibus¹.
1025 735 1103 803 Non

47 866 128 937 idam
149 880 200 936 cst
218 867 374 936 fidelium
396 867 535 936 animus
555 867 706 963 antiquis
727 867 955 963 temporibus,
975 867 1103 963 quilius

44 999 187 1072 Ecclesia
207 1003 401 1098 respublica
422 1028 524 1098 parm
552 1015 603 1071 cst
629 1002 729 1097 cujus
759 1002 872 1070 ollicia
897 1016 928 1072 ct
957 1029 1103 1071 mumca

40 1136 188 1205 vicissim
208 1137 371 1206 liatrilius
394 1136 617 1216 maculantur,
641 1149 743 1232 atquc
763 1136 817 1204 his
838 1137 1099 1206 recenlioribus

35 1271 163 1363 quibus
175 1296 320 1367 corpora
331 1270 505 1350 Ecclesia.¹‚
518 1297 535 1339 c
550 1271 707 1366 partibus
724 1271 889 1366 sejunctis
902 1270 1100 1341 constituta.

30 1402 142 1474 vitam
166 1404 264 1500 quasi
293 1403 471 1499 politicam
495 1417 616 1499 agunt,
644 1416 677 1473 et
699 1404 851 1498 politicis
877 1431 965 1500 sacpc
989 1405 1104 1500 potius

27 1559 143 1628 quam
165 1562 245 1605 vcro
267 1536 437 1630 religiosis
461 1536 661 1606 animorum
686 1537 840 1606 motibus
868 1549 1105 1607 sustentantur

22 1692 78 1737 ao
93 1682 284 1739 servantur.
304 1670 355 1738 Ex
371 1696 440 1766 quo
455 1670 645 1765 percipitur
660 1669 702 1738 ad
718 1670 879 1765 pictatem
899 1671 1102 1740 sociandam

17 1798 193 1873 instituta
212 1803 306 1871 haud
325 1803 471 1872 minoris
493 1804 664 1873 momenti
685 1830 758 1873 csso
778 1831 884 1900 quam
907 1805 1099 1898 dogmata.

14 1930 207 2005 Institutis
232 1935 325 2004 haud
351 1936 469 2004 miuus
492 1962 596 2031 quam
624 1936 711 2005 idcis
736 1938 820 2006 uisa
843 1937 1028 2031 roligioucs
1054 1950 1105 2007 tot.

14 2069 277 2137 sustinuerunt
295 2068 485 2164 impetus³z
511 2095 660 2165 quarum
683 2096 755 2138 uon
777 2071 884 2139 modo
903 2069 1100 2140 materialis.

12 2202 99 2270 Sed
129 2203 270 2272 moralis
293 2203 343 2272 vis
376 2203 418 2271 ab
445 2204 514 2272 hoc
538 2203 678 2298 pendat,
708 2216 826 2272 utrum
858 2231 939 2273 cum
969 2204 1104 2275 civitate

10 2327 110 2427 ipsa
124 2337 395 2411 confundantur,
414 2364 472 2417 aa,
489 2337 526 2425 in
543 2363 577 2406 sc
592 2338 801 2416 constituta,
821 2337 951 2406 civitati
970 2337 1034 2432 ipsi
1056 2363 1105 2406 cc-

10 2466 158 2539 sistaut
184 2497 190 2538 :
218 2469 303 2540 adeo
328 2482 377 2538 ut.
407 2470 588 2539 Coumoto
615 2470 715 2547 duco,
743 2471 780 2538 in
810 2497 960 2549 summa,
993 2470 1104 2540 multo

11 2601 172 2692 plume
193 2603 397 2674 societatum
422 2631 527 2700 quam
549 2631 769 2698 acorporum
790 2604 1027 2673 humanorum
1051 2605 1104 2673 vcl

15 2742 206 2806 tectarum
231 2738 507 2808 conformatiouc
531 2738 717 2830 religiones
742 2737 898 2832 accipcrc
924 2738 1103 2807 latcudum

16 2882 103 2939 est.

91 3005 139 3073 Dc
164 3005 315 3100 politicis
341 3017 457 3075 autem
479 3006 582 3075 rebus
605 3005 691 3100 quid
712 3005 896 3075 dicamus?
914 3005 956 3073 ln
977 3004 1105 3101 quibus

23 3135 268 3233 philosophos
283 3138 506 3234 potissimum
523 3139 726 3208 societatum
742 3164 868 3233 goncra
879 3138 1104 3234 exquisivisse

30 3290 143 3340 noluo
162 3284 213 3342 cst
233 3272 294 3368 qui
314 3272 460 3366 ignoret.
487 3272 532 3340 Hi
551 3283 667 3341 autom
688 3299 794 3368 quam
818 3299 893 3342 mro
916 3273 952 3340 iu
974 3272 1105 3341 modias

35 3404 262 3500 sociologicas
291 3433 344 3474 rcs
374 3407 626 3477 (losccutleciut.
658 3408 859 3475 (loumotus
888 3406 1105 3485 animadvor-

86 3702 106 3749 l.
127 3704 208 3758 Eucla
224 3704 275 3757 des
291 3705 383 3759 [dces.
399 3706 431 3761 ΙΙ,
448 3725 472 3774 p.
492 3707 551 3763 457,
572 3708 630 3758 tat.

86 3790 106 3842 2.
126 3793 301 3845 Marchadas
317 3792 409 3850 lde'es.
428 3793 448 3859 l,
463 3814 487 3863 p.
507 3798 548 3847 78.

85 3880 106 3927 ll·
125 3882 207 3934 linet.
225 3882 276 3935 (les
294 3881 383 3938 Idam.
400 3883 433 3941 ll,
452 3903 476 3951 p.
495 3885 619 3936 ¹139-1-49.
639 3883 797 3952 Explication
813 3883 844 3934 (le
862 3905 875 3932 ι(
889 3884 912 3934 la
925 3890 998 3933 vorm
1014 3900 1107 3952 propio

56 3978 95 4014 aux
106 3953 259 4023 institutions
274 3972 430 4041 religicusos.
453 3994 466 4021 u
