<?xml version="1.0" encoding="UTF-8"?>
<!DOCTYPE html PUBLIC "-//W3C//DTD XHTML 1.0 Transitional//EN"
    "http://www.w3.org/TR/xhtml1/DTD/xhtml1-transitional.dtd">
<html xmlns="http://www.w3.org/1999/xhtml" xml:lang="en" lang="en">
 <head>
  <title>
</title>
<meta http-equiv="Content-Type" content="text/html;charset=utf-8" />
  <meta name='ocr-system' content='tesseract 3.04.00' />
  <meta name='ocr-capabilities' content='ocr_page ocr_carea ocr_par ocr_line ocrx_word'/>
</head>
<body>
  <div class='ocr_page' id='page_1' title='image "./quidecournotidi00bouggoog_0041.png"; bbox 0 0 2684 4896; ppageno 0'>
   <div class='ocr_carea' id='block_1_1' title="bbox 135 461 1180 1898">
    <p class='ocr_par' dir='ltr' id='par_1_1' title="bbox 135 461 1178 1080">
     <span class='ocr_line' id='line_1_1' title="bbox 140 461 1175 564; baseline -0.006 -26"><span class='ocrx_word' id='word_1_1' title='bbox 140 464 299 564; x_wconf 79' lang='lat' dir='ltr'><strong>pendeat,</strong></span> <span class='ocrx_word' id='word_1_2' title='bbox 337 491 408 534; x_wconf 94' lang='lat' dir='ltr'>non</span> <span class='ocrx_word' id='word_1_3' title='bbox 432 490 451 533; x_wconf 91' lang='lat' dir='ltr'>a</span> <span class='ocrx_word' id='word_1_4' title='bbox 470 463 577 560; x_wconf 89' lang='lat' dir='ltr'>priori</span> <span class='ocrx_word' id='word_1_5' title='bbox 597 464 854 534; x_wconf 83' lang='lat' dir='ltr'>enuntiandum</span> <span class='ocrx_word' id='word_1_6' title='bbox 874 476 936 544; x_wconf 91' lang='lat' dir='ltr'>est,</span> <span class='ocrx_word' id='word_1_7' title='bbox 970 461 1030 533; x_wconf 90' lang='lat' dir='ltr'>sed</span> <span class='ocrx_word' id='word_1_8' title='bbox 1052 491 1071 533; x_wconf 92' lang='lat' dir='ltr'>a</span> <span class='ocrx_word' id='word_1_9' title='bbox 1091 475 1175 560; x_wconf 80' lang='lat' dir='ltr'>poste</span> 
     </span>
     <span class='ocr_line' id='line_1_2' title="bbox 139 597 1176 696; baseline -0.006 -26"><span class='ocrx_word' id='word_1_10' title='bbox 139 601 235 680; x_wconf 84' lang='lat' dir='ltr'>riori,</span> <span class='ocrx_word' id='word_1_11' title='bbox 258 612 363 696; x_wconf 89' lang='lat' dir='ltr'>prout</span> <span class='ocrx_word' id='word_1_12' title='bbox 384 599 562 694; x_wconf 87' lang='lat' dir='ltr'>postulant</span> <span class='ocrx_word' id='word_1_13' title='bbox 589 610 781 678; x_wconf 90' lang='lat' dir='ltr'>momenta,</span> <span class='ocrx_word' id='word_1_14' title='bbox 805 598 1122 694; x_wconf 87' lang='lat' dir='ltr'>comprobandum:</span> <span class='ocrx_word' id='word_1_15' title='bbox 1143 597 1176 665; x_wconf 80' lang='lat' dir='ltr'>ita</span> 
     </span>
     <span class='ocr_line' id='line_1_3' title="bbox 138 730 1174 830; baseline -0.006 -26"><span class='ocrx_word' id='word_1_16' title='bbox 138 748 188 814; x_wconf 87' lang='lat' dir='ltr'>ut,</span> <span class='ocrx_word' id='word_1_17' title='bbox 211 736 248 803; x_wconf 89' lang='lat' dir='ltr'>in</span> <span class='ocrx_word' id='word_1_18' title='bbox 269 759 409 830; x_wconf 90' lang='lat' dir='ltr'>quoque</span> <span class='ocrx_word' id='word_1_19' title='bbox 429 745 555 802; x_wconf 80' lang='lat' dir='ltr'>eventu</span> <span class='ocrx_word' id='word_1_20' title='bbox 575 732 661 828; x_wconf 85' lang='lat' dir='ltr'>quid</span> <span class='ocrx_word' id='word_1_21' title='bbox 680 733 845 802; x_wconf 74' lang='lat' dir='ltr'>Fortuna</span> <span class='ocrx_word' id='word_1_22' title='bbox 860 732 1123 802; x_wconf 88' lang='lat' dir='ltr'>adscribendum</span> <span class='ocrx_word' id='word_1_23' title='bbox 1135 730 1174 805; x_wconf 88' lang='lat' dir='ltr'>sit,</span> 
     </span>
     <span class='ocr_line' id='line_1_4' title="bbox 136 865 1178 965; baseline -0.006 -27"><span class='ocrx_word' id='word_1_24' title='bbox 136 869 222 965; x_wconf 93' lang='lat' dir='ltr'>quid</span> <span class='ocrx_word' id='word_1_25' title='bbox 240 895 326 946; x_wconf 88' lang='lat' dir='ltr'>uon,</span> <span class='ocrx_word' id='word_1_26' title='bbox 342 867 569 936; x_wconf 81' lang='lat' dir='ltr'><strong>historiarum</strong></span> <span class='ocrx_word' id='word_1_27' title='bbox 591 867 751 962; x_wconf 77' lang='lat' dir='ltr'>scriptor,</span> <span class='ocrx_word' id='word_1_28' title='bbox 775 879 932 936; x_wconf 89' lang='lat' dir='ltr'>accurata</span> <span class='ocrx_word' id='word_1_29' title='bbox 954 893 1072 935; x_wconf 80' lang='lat' dir='ltr'>rerum</span> <span class='ocrx_word' id='word_1_30' title='bbox 1090 865 1178 934; x_wconf 80' lang='lat' dir='ltr'>obser-</span> 
     </span>
     <span class='ocr_line' id='line_1_5' title="bbox 135 1001 580 1080; baseline -0.007 -9"><span class='ocrx_word' id='word_1_31' title='bbox 135 1003 290 1080; x_wconf 84' lang='lat' dir='ltr'>vationc,</span> <span class='ocrx_word' id='word_1_32' title='bbox 315 1001 430 1070; x_wconf 85' lang='lat' dir='ltr'>metiri</span> <span class='ocrx_word' id='word_1_33' title='bbox 446 1001 580 1069; x_wconf 85' lang='lat' dir='ltr'>debeat.</span> 
     </span>
    </p>

    <p class='ocr_par' dir='ltr' id='par_1_2' title="bbox 136 1131 1180 1898">
     <span class='ocr_line' id='line_1_6' title="bbox 186 1131 1177 1230; baseline -0.005 -25"><span class='ocrx_word' id='word_1_34' title='bbox 186 1136 273 1224; x_wconf 75' lang='lat' dir='ltr'>Quae</span> <span class='ocrx_word' id='word_1_35' title='bbox 293 1162 374 1205; x_wconf 92' lang='lat' dir='ltr'>cum</span> <span class='ocrx_word' id='word_1_36' title='bbox 391 1134 437 1204; x_wconf 88' lang='lat' dir='ltr'>ita</span> <span class='ocrx_word' id='word_1_37' title='bbox 459 1134 539 1214; x_wconf 93' lang='lat' dir='ltr'>sint,</span> <span class='ocrx_word' id='word_1_38' title='bbox 563 1134 648 1230; x_wconf 85' lang='lat' dir='ltr'>quid</span> <span class='ocrx_word' id='word_1_39' title='bbox 664 1134 787 1204; x_wconf 86' lang='lat' dir='ltr'>Noster</span> <span class='ocrx_word' id='word_1_40' title='bbox 809 1135 851 1203; x_wconf 91' lang='lat' dir='ltr'>dc</span> <span class='ocrx_word' id='word_1_41' title='bbox 870 1135 1019 1203; x_wconf 90' lang='lat' dir='ltr'>istorum</span> <span class='ocrx_word' id='word_1_42' title='bbox 1037 1131 1177 1203; x_wconf 83' lang='lat' dir='ltr'>sententia</span> 
     </span>
     <span class='ocr_line' id='line_1_7' title="bbox 137 1265 1176 1365; baseline -0.008 -26"><span class='ocrx_word' id='word_1_43' title='bbox 137 1270 275 1363; x_wconf 82' lang='lat' dir='ltr'>cogitet,</span> <span class='ocrx_word' id='word_1_44' title='bbox 295 1269 355 1365; x_wconf 91' lang='lat' dir='ltr'>qui</span> <span class='ocrx_word' id='word_1_45' title='bbox 375 1295 393 1337; x_wconf 90' lang='lat' dir='ltr'>e</span> <span class='ocrx_word' id='word_1_46' title='bbox 414 1268 643 1337; x_wconf 88' lang='lat' dir='ltr'>minimarum</span> <span class='ocrx_word' id='word_1_47' title='bbox 671 1295 789 1337; x_wconf 88' lang='lat' dir='ltr'>rerum</span> <span class='ocrx_word' id='word_1_48' title='bbox 809 1295 958 1338; x_wconf 90' lang='lat' dir='ltr'>occursu</span> <span class='ocrx_word' id='word_1_49' title='bbox 977 1269 1044 1338; x_wconf 87' lang='lat' dir='ltr'>sata</span> <span class='ocrx_word' id='word_1_50' title='bbox 1068 1265 1176 1362; x_wconf 84' lang='lat' dir='ltr'>generis</span> 
     </span>
     <span class='ocr_line' id='line_1_8' title="bbox 139 1400 1177 1498; baseline -0.005 -27"><span class='ocrx_word' id='word_1_51' title='bbox 139 1403 285 1472; x_wconf 90' lang='lat' dir='ltr'>humani</span> <span class='ocrx_word' id='word_1_52' title='bbox 304 1403 456 1498; x_wconf 86' lang='lat' dir='ltr'>pendere</span> <span class='ocrx_word' id='word_1_53' title='bbox 477 1414 631 1481; x_wconf 85' lang='lat' dir='ltr'>censent,</span> <span class='ocrx_word' id='word_1_54' title='bbox 655 1402 753 1471; x_wconf 80' lang='lat' dir='ltr'>facile</span> <span class='ocrx_word' id='word_1_55' title='bbox 774 1402 1026 1498; x_wconf 83' lang='lat' dir='ltr'>deprehendas</span> <span class='ocrx_word' id='word_1_56' title='bbox 1044 1401 1139 1491; x_wconf 87' lang='lat' dir='ltr'>Quod</span> <span class='ocrx_word' id='word_1_57' title='bbox 1153 1400 1177 1468; x_wconf 92' lang='lat' dir='ltr'>in</span> 
     </span>
     <span class='ocr_line' id='line_1_9' title="bbox 138 1533 1178 1632; baseline -0.006 -27"><span class='ocrx_word' id='word_1_58' title='bbox 138 1537 269 1606; x_wconf 90' lang='lat' dir='ltr'>lumbis</span> <span class='ocrx_word' id='word_1_59' title='bbox 290 1537 465 1607; x_wconf 88' lang='lat' dir='ltr'>dictatoris</span> <span class='ocrx_word' id='word_1_60' title='bbox 487 1535 669 1632; x_wconf 88' lang='lat' dir='ltr'>eujusdam</span> <span class='ocrx_word' id='word_1_61' title='bbox 696 1537 839 1606; x_wconf 88' lang='lat' dir='ltr'>arenula</span> <span class='ocrx_word' id='word_1_62' title='bbox 864 1536 964 1616; x_wconf 89' lang='lat' dir='ltr'>sedit,</span> <span class='ocrx_word' id='word_1_63' title='bbox 987 1536 1081 1632; x_wconf 91' lang='lat' dir='ltr'>quod</span> <span class='ocrx_word' id='word_1_64' title='bbox 1103 1533 1178 1604; x_wconf 86' lang='lat' dir='ltr'>ducis</span> 
     </span>
     <span class='ocr_line' id='line_1_10' title="bbox 136 1667 1180 1766; baseline -0.004 -28"><span class='ocrx_word' id='word_1_65' title='bbox 136 1671 354 1749; x_wconf 90' lang='lat' dir='ltr'>intestinum,</span> <span class='ocrx_word' id='word_1_66' title='bbox 373 1670 493 1766; x_wconf 82' lang='lat' dir='ltr'>praelio</span> <span class='ocrx_word' id='word_1_67' title='bbox 511 1669 711 1765; x_wconf 76' lang='lat' dir='ltr'>incipiente,</span> <span class='ocrx_word' id='word_1_68' title='bbox 724 1669 847 1747; x_wconf 79' lang='lat' dir='ltr'>doluit,</span> <span class='ocrx_word' id='word_1_69' title='bbox 865 1670 931 1739; x_wconf 91' lang='lat' dir='ltr'>hoc</span> <span class='ocrx_word' id='word_1_70' title='bbox 946 1669 1012 1738; x_wconf 87' lang='lat' dir='ltr'>suit</span> <span class='ocrx_word' id='word_1_71' title='bbox 1027 1695 1088 1739; x_wconf 88' lang='lat' dir='ltr'>cur</span> <span class='ocrx_word' id='word_1_72' title='bbox 1100 1667 1180 1762; x_wconf 84' lang='lat' dir='ltr'>regia</span> 
     </span>
     <span class='ocr_line' id='line_1_11' title="bbox 136 1796 1179 1898; baseline 0.004 -26"><span class='ocrx_word' id='word_1_73' title='bbox 136 1805 262 1873; x_wconf 90' lang='lat' dir='ltr'>domus</span> <span class='ocrx_word' id='word_1_74' title='bbox 289 1796 348 1873; x_wconf 86' lang='lat' dir='ltr'>aut</span> <span class='ocrx_word' id='word_1_75' title='bbox 380 1805 656 1873; x_wconf 73' lang='lat' dir='ltr'>instaurarentur</span> <span class='ocrx_word' id='word_1_76' title='bbox 693 1814 752 1872; x_wconf 87' lang='lat' dir='ltr'>aut</span> <span class='ocrx_word' id='word_1_77' title='bbox 786 1804 925 1898; x_wconf 86' lang='lat' dir='ltr'>penitus</span> <span class='ocrx_word' id='word_1_78' title='bbox 953 1803 1179 1897; x_wconf 73' lang='lat' dir='ltr'>affligerentur,</span> 
     </span>
    </p>
   </div>
   <div class='ocr_carea' id='block_1_2' title="bbox 136 1937 1183 2034">
    <p class='ocr_par' dir='ltr' id='par_1_3' title="bbox 136 1937 1183 2034">
     <span class='ocr_line' id='line_1_12' title="bbox 136 1937 1183 2034; baseline -0.004 -28"><span class='ocrx_word' id='word_1_79' title='bbox 136 1938 257 2034; x_wconf 89' lang='lat' dir='ltr'>populi</span> <span class='ocrx_word' id='word_1_80' title='bbox 278 1950 393 2008; x_wconf 90' lang='lat' dir='ltr'>autem</span> <span class='ocrx_word' id='word_1_81' title='bbox 410 1938 453 2006; x_wconf 88' lang='lat' dir='ltr'>ad</span> <span class='ocrx_word' id='word_1_82' title='bbox 468 1963 593 2006; x_wconf 90' lang='lat' dir='ltr'>manus</span> <span class='ocrx_word' id='word_1_83' title='bbox 610 1938 779 2016; x_wconf 77' lang='lat' dir='ltr'>venirent,</span> <span class='ocrx_word' id='word_1_84' title='bbox 799 1938 956 2032; x_wconf 82' lang='lat' dir='ltr'>gentium</span> <span class='ocrx_word' id='word_1_85' title='bbox 977 1937 1183 2033; x_wconf 78' lang='lat' dir='ltr'>deniquepar</span> 
     </span>
    </p>
   </div>
   <div class='ocr_carea' id='block_1_3' title="bbox 136 2064 1187 2167">
    <p class='ocr_par' dir='ltr' id='par_1_4' title="bbox 136 2064 1187 2167">
     <span class='ocr_line' id='line_1_13' title="bbox 136 2064 1187 2167; baseline -0.004 -28"><span class='ocrx_word' id='word_1_86' title='bbox 136 2083 169 2140; x_wconf 93' lang='lat' dir='ltr'>ct</span> <span class='ocrx_word' id='word_1_87' title='bbox 188 2071 274 2140; x_wconf 92' lang='lat' dir='ltr'>ordo</span> <span class='ocrx_word' id='word_1_88' title='bbox 295 2071 332 2139; x_wconf 91' lang='lat' dir='ltr'>in</span> <span class='ocrx_word' id='word_1_89' title='bbox 353 2071 478 2140; x_wconf 74' lang='lat' dir='ltr'>saecula</span> <span class='ocrx_word' id='word_1_90' title='bbox 496 2072 774 2167; x_wconf 74' lang='lat' dir='ltr'>perturbaretur!</span> <span class='ocrx_word' id='word_1_91' title='bbox 802 2071 888 2140; x_wconf 86' lang='lat' dir='ltr'>Tam</span> <span class='ocrx_word' id='word_1_92' title='bbox 918 2070 1059 2166; x_wconf 80' lang='lat' dir='ltr'>exiguas</span> <span class='ocrx_word' id='word_1_93' title='bbox 1084 2064 1187 2140; x_wconf 81' lang='lat' dir='ltr'>causas</span> 
     </span>
    </p>
   </div>
   <div class='ocr_carea' id='block_1_4' title="bbox 136 2205 1204 3236">
    <p class='ocr_par' dir='ltr' id='par_1_5' title="bbox 136 2205 1204 3236">
     <span class='ocr_line' id='line_1_14' title="bbox 138 2205 1183 2301; baseline -0.003 -27"><span class='ocrx_word' id='word_1_94' title='bbox 138 2205 338 2274; x_wconf 86' lang='lat' dir='ltr'>Cournotus</span> <span class='ocrx_word' id='word_1_95' title='bbox 358 2205 520 2300; x_wconf 84' lang='lat' dir='ltr'>indignas</span> <span class='ocrx_word' id='word_1_96' title='bbox 539 2217 639 2301; x_wconf 88' lang='lat' dir='ltr'>putat</span> <span class='ocrx_word' id='word_1_97' title='bbox 663 2233 741 2301; x_wconf 75' lang='lat' dir='ltr'>quac</span> <span class='ocrx_word' id='word_1_98' title='bbox 765 2206 808 2274; x_wconf 90' lang='lat' dir='ltr'>ab</span> <span class='ocrx_word' id='word_1_99' title='bbox 827 2205 994 2274; x_wconf 88' lang='lat' dir='ltr'>historico</span> <span class='ocrx_word' id='word_1_100' title='bbox 1020 2205 1183 2300; x_wconf 88' lang='lat' dir='ltr'>exquiran-</span> 
     </span>
     <span class='ocr_line' id='line_1_15' title="bbox 137 2337 1184 2435; baseline -0.003 -28"><span class='ocrx_word' id='word_1_101' title='bbox 137 2339 225 2407; x_wconf 88' lang='lat' dir='ltr'>tur¹.</span> <span class='ocrx_word' id='word_1_102' title='bbox 250 2339 327 2408; x_wconf 84' lang='lat' dir='ltr'>Non</span> <span class='ocrx_word' id='word_1_103' title='bbox 350 2351 452 2432; x_wconf 84' lang='lat' dir='ltr'>negat</span> <span class='ocrx_word' id='word_1_104' title='bbox 471 2338 614 2435; x_wconf 87' lang='lat' dir='ltr'>quidem</span> <span class='ocrx_word' id='word_1_105' title='bbox 634 2365 704 2434; x_wconf 92' lang='lat' dir='ltr'>quo</span> <span class='ocrx_word' id='word_1_106' title='bbox 735 2354 890 2434; x_wconf 89' lang='lat' dir='ltr'>tempore</span> <span class='ocrx_word' id='word_1_107' title='bbox 917 2338 1127 2433; x_wconf 69' lang='lat' dir='ltr'>gravissimas</span> <span class='ocrx_word' id='word_1_108' title='bbox 1144 2337 1184 2404; x_wconf 93' lang='lat' dir='ltr'>in-</span> 
     </span>
     <span class='ocr_line' id='line_1_16' title="bbox 137 2469 1204 2566; baseline -0.003 -27"><span class='ocrx_word' id='word_1_109' title='bbox 137 2471 271 2566; x_wconf 87' lang='lat' dir='ltr'>cipiunt</span> <span class='ocrx_word' id='word_1_110' title='bbox 291 2499 409 2541; x_wconf 90' lang='lat' dir='ltr'>rerum</span> <span class='ocrx_word' id='word_1_111' title='bbox 429 2472 733 2551; x_wconf 83' lang='lat' dir='ltr'>commutationes,</span> <span class='ocrx_word' id='word_1_112' title='bbox 753 2473 889 2541; x_wconf 90' lang='lat' dir='ltr'>minora</span> <span class='ocrx_word' id='word_1_113' title='bbox 910 2472 989 2542; x_wconf 83' lang='lat' dir='ltr'>talia</span> <span class='ocrx_word' id='word_1_114' title='bbox 1005 2498 1078 2542; x_wconf 86' lang='lat' dir='ltr'>sese</span> <span class='ocrx_word' id='word_1_115' title='bbox 1093 2469 1204 2541; x_wconf 85' lang='lat' dir='ltr'>oculis·</span> 
     </span>
     <span class='ocr_line' id='line_1_17' title="bbox 136 2603 1185 2700; baseline -0.004 -28"><span class='ocrx_word' id='word_1_116' title='bbox 136 2603 259 2672; x_wconf 82' lang='lat' dir='ltr'>offerre</span> <span class='ocrx_word' id='word_1_117' title='bbox 291 2605 336 2672; x_wconf 86' lang='lat' dir='ltr'>ita</span> <span class='ocrx_word' id='word_1_118' title='bbox 365 2615 471 2682; x_wconf 90' lang='lat' dir='ltr'>ntea,</span> <span class='ocrx_word' id='word_1_119' title='bbox 495 2605 555 2700; x_wconf 92' lang='lat' dir='ltr'>qui</span> <span class='ocrx_word' id='word_1_120' title='bbox 576 2616 742 2700; x_wconf 84' lang='lat' dir='ltr'>spectant,</span> <span class='ocrx_word' id='word_1_121' title='bbox 774 2605 867 2674; x_wconf 88' lang='lat' dir='ltr'>orbis</span> <span class='ocrx_word' id='word_1_122' title='bbox 897 2617 1069 2674; x_wconf 85' lang='lat' dir='ltr'>terrarum</span> <span class='ocrx_word' id='word_1_123' title='bbox 1097 2603 1185 2674; x_wconf 88' lang='lat' dir='ltr'>totius</span> 
     </span>
     <span class='ocr_line' id='line_1_18' title="bbox 137 2737 1185 2834; baseline -0.003 -28"><span class='ocrx_word' id='word_1_124' title='bbox 137 2750 273 2807; x_wconf 91' lang='lat' dir='ltr'>motum</span> <span class='ocrx_word' id='word_1_125' title='bbox 304 2738 393 2806; x_wconf 88' lang='lat' dir='ltr'>ciere</span> <span class='ocrx_word' id='word_1_126' title='bbox 418 2750 591 2807; x_wconf 87' lang='lat' dir='ltr'>censeant.</span> <span class='ocrx_word' id='word_1_127' title='bbox 627 2739 695 2807; x_wconf 78' lang='lat' dir='ltr'>Sed</span> <span class='ocrx_word' id='word_1_128' title='bbox 724 2737 811 2807; x_wconf 93' lang='lat' dir='ltr'>alius</span> <span class='ocrx_word' id='word_1_129' title='bbox 837 2750 1086 2834; x_wconf 86' lang='lat' dir='ltr'>spectatorum,</span> <span class='ocrx_word' id='word_1_130' title='bbox 1115 2737 1185 2807; x_wconf 90' lang='lat' dir='ltr'>alins</span> 
     </span>
     <span class='ocr_line' id='line_1_19' title="bbox 136 2871 1185 2942; baseline -0.001 -2"><span class='ocrx_word' id='word_1_131' title='bbox 136 2871 291 2940; x_wconf 83' lang='lat' dir='ltr'>historici</span> <span class='ocrx_word' id='word_1_132' title='bbox 314 2872 416 2940; x_wconf 88' lang='lat' dir='ltr'>debet</span> <span class='ocrx_word' id='word_1_133' title='bbox 442 2898 515 2940; x_wconf 86' lang='lat' dir='ltr'>esse</span> <span class='ocrx_word' id='word_1_134' title='bbox 547 2872 685 2940; x_wconf 91' lang='lat' dir='ltr'>animus</span> <span class='ocrx_word' id='word_1_135' title='bbox 705 2899 711 2940; x_wconf 77' lang='grc' dir='ltr'><strong><em>ε</em></strong></span> <span class='ocrx_word' id='word_1_136' title='bbox 735 2872 818 2942; x_wconf 92' lang='lat' dir='ltr'>huie</span> <span class='ocrx_word' id='word_1_137' title='bbox 848 2872 969 2942; x_wconf 90' lang='lat' dir='ltr'>sedulo</span> <span class='ocrx_word' id='word_1_138' title='bbox 995 2871 1185 2942; x_wconf 87' lang='lat' dir='ltr'>secernenda</span> 
     </span>
     <span class='ocr_line' id='line_1_20' title="bbox 137 3005 1185 3102; baseline 0 -28"><span class='ocrx_word' id='word_1_139' title='bbox 137 3017 219 3074; x_wconf 90' lang='lat' dir='ltr'>sunt</span> <span class='ocrx_word' id='word_1_140' title='bbox 231 3031 281 3082; x_wconf 86' lang='lat' dir='ltr'>ea,</span> <span class='ocrx_word' id='word_1_141' title='bbox 301 3033 378 3101; x_wconf 63' lang='lat' dir='ltr'>quar</span> <span class='ocrx_word' id='word_1_142' title='bbox 399 3006 471 3074; x_wconf 83' lang='lat' dir='ltr'>vim</span> <span class='ocrx_word' id='word_1_143' title='bbox 498 3005 535 3073; x_wconf 93' lang='lat' dir='ltr'>in</span> <span class='ocrx_word' id='word_1_144' title='bbox 556 3032 590 3074; x_wconf 86' lang='lat' dir='ltr'>se</span> <span class='ocrx_word' id='word_1_145' title='bbox 615 3005 795 3075; x_wconf 89' lang='lat' dir='ltr'>continent</span> <span class='ocrx_word' id='word_1_146' title='bbox 810 3032 878 3102; x_wconf 81' lang='lat' dir='ltr'>qua</span> <span class='ocrx_word' id='word_1_147' title='bbox 895 3007 1038 3076; x_wconf 86' lang='lat' dir='ltr'>effectus</span> <span class='ocrx_word' id='word_1_148' title='bbox 1059 3007 1185 3102; x_wconf 83' lang='lat' dir='ltr'>gignan-</span> 
     </span>
     <span class='ocr_line' id='line_1_21' title="bbox 139 3138 1186 3236; baseline -0.002 -29"><span class='ocrx_word' id='word_1_149' title='bbox 139 3152 204 3218; x_wconf 89' lang='lat' dir='ltr'>tur,</span> <span class='ocrx_word' id='word_1_150' title='bbox 228 3138 327 3208; x_wconf 90' lang='lat' dir='ltr'>abiis</span> <span class='ocrx_word' id='word_1_151' title='bbox 343 3167 421 3234; x_wconf 72' lang='lat' dir='ltr'>quar</span> <span class='ocrx_word' id='word_1_152' title='bbox 440 3139 533 3207; x_wconf 88' lang='lat' dir='ltr'>viam</span> <span class='ocrx_word' id='word_1_153' title='bbox 560 3151 695 3208; x_wconf 90' lang='lat' dir='ltr'>tantum</span> <span class='ocrx_word' id='word_1_154' title='bbox 721 3140 879 3234; x_wconf 74' lang='lat' dir='ltr'>praebent</span> <span class='ocrx_word' id='word_1_155' title='bbox 897 3166 966 3236; x_wconf 88' lang='lat' dir='ltr'>qua</span> <span class='ocrx_word' id='word_1_156' title='bbox 994 3141 1038 3210; x_wconf 87' lang='lat' dir='ltr'>ad</span> <span class='ocrx_word' id='word_1_157' title='bbox 1063 3141 1186 3211; x_wconf 88' lang='lat' dir='ltr'>effeetus</span> 
     </span>
    </p>
   </div>
   <div class='ocr_carea' id='block_1_5' title="bbox 137 3271 1186 3370">
    <p class='ocr_par' dir='ltr' id='par_1_6' title="bbox 137 3271 1186 3370">
     <span class='ocr_line' id='line_1_22' title="bbox 137 3271 1186 3370; baseline 0.002 -30"><span class='ocrx_word' id='word_1_158' title='bbox 137 3271 245 3366; x_wconf 88' lang='lat' dir='ltr'>possit</span> <span class='ocrx_word' id='word_1_159' title='bbox 263 3272 449 3367; x_wconf 77' lang='lat' dir='ltr'>perveniri.</span> <span class='ocrx_word' id='word_1_160' title='bbox 478 3298 496 3341; x_wconf 87' lang='lat'>‹&lt;</span> <span class='ocrx_word' id='word_1_161' title='bbox 515 3273 612 3360; x_wconf 82' lang='lat' dir='ltr'>Quos</span> <span class='ocrx_word' id='word_1_162' title='bbox 639 3273 713 3342; x_wconf 81' lang='lat' dir='ltr'>vult</span> <span class='ocrx_word' id='word_1_163' title='bbox 732 3273 875 3368; x_wconf 88' lang='lat' dir='ltr'>perdere</span> <span class='ocrx_word' id='word_1_164' title='bbox 897 3274 1036 3370; x_wconf 87' lang='lat' dir='ltr'>Jupiter</span> <span class='ocrx_word' id='word_1_165' title='bbox 1061 3275 1186 3345; x_wconf 90' lang='lat' dir='ltr'>demen-</span> 
     </span>
    </p>
   </div>
   <div class='ocr_carea' id='block_1_6' title="bbox 132 3610 1191 4039">
    <p class='ocr_par' dir='ltr' id='par_1_7' title="bbox 132 3610 1191 4039">
     <span class='ocr_line' id='line_1_23' title="bbox 172 3610 1188 3681; baseline 0.001 -20"><span class='ocrx_word' id='word_1_166' title='bbox 172 3613 196 3661; x_wconf 86' lang='grc'>1.</span> <span class='ocrx_word' id='word_1_167' title='bbox 219 3610 334 3663; x_wconf 67' lang='lat' dir='ltr'>Marciae</span> <span class='ocrx_word' id='word_1_168' title='bbox 349 3611 399 3664; x_wconf 86' lang='lat' dir='ltr'>des</span> <span class='ocrx_word' id='word_1_169' title='bbox 415 3611 507 3672; x_wconf 85' lang='lat' dir='ltr'>Ide&#39;es,</span> <span class='ocrx_word' id='word_1_170' title='bbox 522 3611 542 3668; x_wconf 88' lang='lat' dir='ltr'>l,</span> <span class='ocrx_word' id='word_1_171' title='bbox 559 3631 585 3681; x_wconf 89' lang='lat' dir='ltr'>p.</span> <span class='ocrx_word' id='word_1_172' title='bbox 599 3614 641 3664; x_wconf 88' lang='grc'>10.</span> <span class='ocrx_word' id='word_1_173' title='bbox 658 3632 671 3661; x_wconf 81' lang='lat' dir='ltr'>a</span> <span class='ocrx_word' id='word_1_174' title='bbox 687 3611 775 3677; x_wconf 90' lang='lat' dir='ltr'>Qu&#39;un</span> <span class='ocrx_word' id='word_1_175' title='bbox 788 3613 893 3681; x_wconf 64' lang='lat' dir='ltr'>general</span> <span class='ocrx_word' id='word_1_176' title='bbox 907 3613 1021 3666; x_wconf 72' lang='lat' dir='ltr'>d’armee</span> <span class='ocrx_word' id='word_1_177' title='bbox 1032 3615 1069 3667; x_wconf 86' lang='lat' dir='ltr'>ait</span> <span class='ocrx_word' id='word_1_178' title='bbox 1083 3614 1150 3666; x_wconf 81' lang='lat' dir='ltr'>saibti</span> <span class='ocrx_word' id='word_1_179' title='bbox 1162 3629 1188 3664; x_wconf 89' lang='lat' dir='ltr'>uu</span> 
     </span>
     <span class='ocr_line' id='line_1_24' title="bbox 132 3687 1190 3774; baseline 0.002 -25"><span class='ocrx_word' id='word_1_180' title='bbox 132 3699 194 3768; x_wconf 89' lang='lat' dir='ltr'>jour</span> <span class='ocrx_word' id='word_1_181' title='bbox 207 3700 238 3750; x_wconf 90' lang='lat' dir='ltr'>de</span> <span class='ocrx_word' id='word_1_182' title='bbox 253 3700 354 3751; x_wconf 84' lang='lat' dir='ltr'>batailte</span> <span class='ocrx_word' id='word_1_183' title='bbox 368 3720 414 3770; x_wconf 86' lang='lat' dir='ltr'>par</span> <span class='ocrx_word' id='word_1_184' title='bbox 435 3702 499 3752; x_wconf 88' lang='lat' dir='ltr'>suite</span> <span class='ocrx_word' id='word_1_185' title='bbox 520 3701 551 3751; x_wconf 87' lang='lat' dir='ltr'>de</span> <span class='ocrx_word' id='word_1_186' title='bbox 566 3702 676 3770; x_wconf 84' lang='lat' dir='ltr'>quelque</span> <span class='ocrx_word' id='word_1_187' title='bbox 697 3701 907 3771; x_wconf 87' lang='lat' dir='ltr'>indisposition...</span> <span class='ocrx_word' id='word_1_188' title='bbox 927 3704 1025 3773; x_wconf 75' lang='lat' dir='ltr'>qu&#39;une</span> <span class='ocrx_word' id='word_1_189' title='bbox 1047 3687 1190 3774; x_wconf 79' lang='lat' dir='ltr'>importante</span> 
     </span>
     <span class='ocr_line' id='line_1_25' title="bbox 135 3788 1191 3862; baseline 0.003 -24"><span class='ocrx_word' id='word_1_190' title='bbox 135 3788 275 3839; x_wconf 75' lang='lat' dir='ltr'>resolution</span> <span class='ocrx_word' id='word_1_191' title='bbox 288 3789 319 3839; x_wconf 89' lang='lat' dir='ltr'>de</span> <span class='ocrx_word' id='word_1_192' title='bbox 332 3791 432 3841; x_wconf 83' lang='lat' dir='ltr'>cabinet</span> <span class='ocrx_word' id='word_1_193' title='bbox 446 3791 481 3840; x_wconf 86' lang='lat' dir='ltr'>ait</span> <span class='ocrx_word' id='word_1_194' title='bbox 495 3793 534 3840; x_wconf 74' lang='lat' dir='ltr'>ete</span> <span class='ocrx_word' id='word_1_195' title='bbox 550 3790 616 3858; x_wconf 89' lang='lat' dir='ltr'>prise</span> <span class='ocrx_word' id='word_1_196' title='bbox 631 3792 645 3840; x_wconf 69' lang='lat' dir='ltr'>a</span> <span class='ocrx_word' id='word_1_197' title='bbox 658 3790 682 3842; x_wconf 88' lang='lat' dir='ltr'>la</span> <span class='ocrx_word' id='word_1_198' title='bbox 697 3791 761 3841; x_wconf 85' lang='lat' dir='ltr'>suite</span> <span class='ocrx_word' id='word_1_199' title='bbox 776 3791 807 3842; x_wconf 92' lang='lat' dir='ltr'>de</span> <span class='ocrx_word' id='word_1_200' title='bbox 828 3793 939 3861; x_wconf 87' lang='lat' dir='ltr'>quelque</span> <span class='ocrx_word' id='word_1_201' title='bbox 960 3792 1076 3862; x_wconf 81' lang='lat' dir='ltr'>intrigue</span> <span class='ocrx_word' id='word_1_202' title='bbox 1090 3793 1121 3845; x_wconf 89' lang='lat' dir='ltr'>de</span> <span class='ocrx_word' id='word_1_203' title='bbox 1134 3793 1191 3844; x_wconf 87' lang='lat' dir='ltr'>bou-</span> 
     </span>
     <span class='ocr_line' id='line_1_26' title="bbox 136 3877 1191 3936; baseline 0.006 -10"><span class='ocrx_word' id='word_1_204' title='bbox 136 3877 201 3936; x_wconf 86' lang='lat' dir='ltr'>doir,</span> <span class='ocrx_word' id='word_1_205' title='bbox 215 3897 242 3928; x_wconf 89' lang='lat' dir='ltr'>ec</span> <span class='ocrx_word' id='word_1_206' title='bbox 259 3885 316 3928; x_wconf 87' lang='lat' dir='ltr'>sont</span> <span class='ocrx_word' id='word_1_207' title='bbox 328 3879 352 3930; x_wconf 77' lang='lat' dir='ltr'>la</span> <span class='ocrx_word' id='word_1_208' title='bbox 371 3879 415 3929; x_wconf 87' lang='lat' dir='ltr'>des</span> <span class='ocrx_word' id='word_1_209' title='bbox 430 3897 515 3929; x_wconf 80' lang='lat' dir='ltr'>causes</span> <span class='ocrx_word' id='word_1_210' title='bbox 531 3878 594 3929; x_wconf 86' lang='lat' dir='ltr'>dont</span> <span class='ocrx_word' id='word_1_211' title='bbox 615 3898 640 3930; x_wconf 84' lang='lat' dir='ltr'>se</span> <span class='ocrx_word' id='word_1_212' title='bbox 663 3887 764 3930; x_wconf 86' lang='lat' dir='ltr'>mentre</span> <span class='ocrx_word' id='word_1_213' title='bbox 787 3881 872 3932; x_wconf 87' lang='lat' dir='ltr'>sriand</span> <span class='ocrx_word' id='word_1_214' title='bbox 893 3882 916 3932; x_wconf 89' lang='lat' dir='ltr'>le</span> <span class='ocrx_word' id='word_1_215' title='bbox 940 3882 1087 3934; x_wconf 87' lang='lat' dir='ltr'>chercheur</span> <span class='ocrx_word' id='word_1_216' title='bbox 1100 3883 1191 3934; x_wconf 83' lang='lat' dir='ltr'>d’anec·</span> 
     </span>
     <span class='ocr_line' id='line_1_27' title="bbox 135 3965 1023 4039; baseline 0.006 -23"><span class='ocrx_word' id='word_1_217' title='bbox 135 3965 248 4020; x_wconf 77' lang='lat' dir='ltr'>dotes...</span> <span class='ocrx_word' id='word_1_218' title='bbox 267 3967 330 4016; x_wconf 81' lang='lat' dir='ltr'>mais</span> <span class='ocrx_word' id='word_1_219' title='bbox 344 3969 388 4036; x_wconf 86' lang='lat' dir='ltr'>qni</span> <span class='ocrx_word' id='word_1_220' title='bbox 404 3975 461 4018; x_wconf 84' lang='lat' dir='ltr'>sont</span> <span class='ocrx_word' id='word_1_221' title='bbox 476 3986 524 4036; x_wconf 84' lang='lat' dir='ltr'>peu</span> <span class='ocrx_word' id='word_1_222' title='bbox 541 3967 629 4035; x_wconf 85' lang='lat' dir='ltr'>dignes</span> <span class='ocrx_word' id='word_1_223' title='bbox 645 3967 675 4017; x_wconf 85' lang='lat' dir='ltr'>dc</span> <span class='ocrx_word' id='word_1_224' title='bbox 689 3968 826 4036; x_wconf 77' lang='lat' dir='ltr'>l&#39;etiologio</span> <span class='ocrx_word' id='word_1_225' title='bbox 841 3969 993 4039; x_wconf 88' lang='lat' dir='ltr'>historique.</span> <span class='ocrx_word' id='word_1_226' title='bbox 1009 3991 1023 4020; x_wconf 81' lang='lat' dir='ltr'>n</span> 
     </span>
    </p>
   </div>
   <div class='ocr_carea' id='block_1_7' title="bbox 0 0 1346 4896">
    <p class='ocr_par' dir='ltr' id='par_1_8' title="bbox 0 0 1346 4896">
     <span class='ocr_line' id='line_1_28' title="bbox 0 0 1346 4896; baseline 0 0"><span class='ocrx_word' id='word_1_227' title='bbox 0 0 1346 4896; x_wconf 95' lang='lat' dir='ltr'> </span> 
     </span>
    </p>
   </div>
  </div>
 </body>
</html>
