2858 5090
729 385 870 436 —60—-

267 542 317 594 ea,
333 514 468 586 saeculis
482 515 739 610 adjuvantibus,
759 542 832 586 sese
850 516 897 586 ita
912 543 1122 614 componere
1139 515 1271 586 videbis
1291 531 1326 587 ut

266 661 443 745 postremo
462 649 548 718 ordo
567 661 676 720 exstet
694 663 796 745 atque
810 662 947 746 perstet.
972 651 1077 739 Quod
1096 651 1325 722 necessarium
1414 665 1415 720 t

267 782 449 878 intelliges,
462 783 491 852 si
501 784 607 853 modo
616 783 900 854 animadverteris
916 783 1007 879 leges
1023 784 1098 854 illas
1109 812 1191 854 cum
1208 797 1326 854 natura

266 943 397 996 rerum,
410 917 446 985 in
460 918 664 987 universum
675 919 864 998 observata,
877 945 1068 1013 congruere
1079 921 1099 986 ¹.
1119 919 1326 990 societatum
1414 947 1415 968 ³

267 1051 434 1131 nonfuit,
458 1079 660 1149 quanquam
685 1053 790 1124 totius
819 1066 952 1124 naturae
980 1066 1092 1149 partes
1119 1066 1204 1122 sunt·
1225 1080 1326 1151 quam
1414 1095 1415 1112 κ

268 1185 419 1254 maxime
439 1185 575 1254 casibus
604 1187 775 1264 obnoxiat,
802 1213 857 1256 eas
884 1188 1034 1282 effugere
1062 1187 1152 1281 leges
1182 1213 1326 1282 quarum

268 1345 382 1414 opera,
413 1319 450 1387 iu
482 1332 604 1389 natura
634 1332 713 1400 tota,
748 1347 893 1390 casuum
917 1320 1191 1416 perturbationes
1223 1320 1326 1415 magis
1414 1387 1415 1428 q

268 1451 449 1550 magisque
468 1466 710 1524 extenuantur.

298 1705 368 1829 ¹Er
383 1720 436 1789 his
458 1721 543 1818 quid
566 1721 718 1816 exsurgit
737 1721 816 1800 nisi,
840 1720 883 1789 ad
902 1716 1083 1789 historiam
1107 1719 1328 1816 interpretari·
1414 1701 1415 1722 ³

268 1853 362 1934 dam,
381 1855 665 1951 philosophicum
686 1882 749 1924 nec
769 1882 841 1924 non
861 1855 1019 1950 amplum
1040 1857 1214 1949 systema.l
1240 1855 1329 1923 lntra

270 1987 369 2083 eujus
398 1988 463 2058 late
495 2001 616 2084 patens
635 1989 858 2084 pomaerium,
885 1989 926 2057 iis
946 1988 1030 2084 ipsis
1050 1987 1219 2067 thesibus,
1248 2015 1328 2084 quas

271 2121 475 2191 Cournotus
515 2149 772 2219 nonnunquam
812 2123 1007 2218 impugnat,
1047 2121 1145 2191 locus
1190 2121 1329 2218 quidam

270 2255 382 2324 datur.
413 2256 536 2324 Nonne
550 2283 632 2325 cum
652 2257 672 2326 J
679 2257 744 2324 .-B.
758 2256 842 2326 Vico
861 2255 1014 2353 quodam
1033 2255 1137 2325 modo
1162 2256 1331 2325 consentit

271 2390 406 2468 Noster,
425 2389 510 2458 dum
526 2389 710 2460 ostendit«
725 2390 793 2484 legi
808 2401 979 2459 actatum»
999 2389 1175 2459 societates
1191 2415 1264 2458 esse
1277 2389 1331 2458 ob-

271 2523 413 2592 noxias?
433 2550 514 2592 cum
535 2524 678 2618 llegelio
707 2551 800 2602 vero,
831 2523 917 2592 dum
933 2522 1176 2592 animadvertit
1196 2523 1331 2592 easdem

271 2656 471 2726 necessitate
486 2656 636 2753 quadam
648 2657 822 2752 progredi,
842 2670 874 2726 ct
887 2656 997 2750 magis
1014 2655 1193 2752 magisque
1208 2656 1332 2726 rationi

256 2863 258 2866 ,
271 2789 418 2885 subjicit
430 2816 511 2858 cum
526 2789 677 2859 Ccmtio.
693 2790 968 2860 dumascicntiis
985 2789 1104 2858 omnia
1114 2789 1283 2884 paulatim
1293 2791 1330 2857 in

271 2923 489 2994 societatibus
501 2923 581 2992 duci
595 2924 737 2992 lateturlJ
747 2924 822 2993 Hoc
840 2950 930 3002 rere,
946 2949 1016 3020 quo
1027 2922 1168 2992 illorum
1185 2923 1331 3018 quisquc

271 3057 401 3126 nimius
421 3057 601 3126 videbatur
612 3069 644 3126 ct
656 3057 878 3136 immodicus,
895 3057 1095 3126 Cournotus
1110 3056 1327 3152 derelinquit.

271 3190 400 3285 quippe
434 3189 493 3286 qui
514 3216 636 3258 eorum
666 3191 790 3268 thesea,
821 3189 906 3257 dum
923 3189 1096 3268 conciliat,
1125 3200 1223 3258 caute
1250 3189 1330 3258 deli-

249 3349 252 3356 ·
272 3323 381 3392 mitet.
396 3323 425 3391 A
443 3323 653 3392 theoriarum
670 3323 781 3391 nimio
797 3323 905 3402 cultu,
920 3323 1137 3418 philosophis
1153 3322 1327 3418 peculiari,

271 3456 441 3526 abstinere
460 3457 586 3552 potuit,
609 3469 727 3554 utpote
748 3457 806 3554 qui
833 3483 950 3526 rerum
975 3456 1130 3552 ipsarum
1154 3455 1330 3526 diversita-

274 3603 341 3661 tem
361 3603 394 3660 et
412 3590 589 3662 fortuitam
610 3591 808 3660 varietatem
829 3590 927 3659 nullo
948 3590 1053 3661 modo
1078 3600 1326 3660 contemneret.

308 3853 332 3902 l.
355 3852 418 3902 Iler.
435 3869 503 3902 sont.
522 3849 572 3901 (lca
588 3847 677 3902 doctr.
694 3852 746 3904 ric„
763 3870 788 3919 p.
806 3853 849 3902 tl.
868 3870 882 3898 r(
896 3850 916 3900 ll
931 3869 945 3900 a
959 3849 1019 3900 bien
1036 3849 1097 3900 sellu
1118 3867 1167 3918 quc
1182 3849 1331 3899 {associetur

273 3940 414 3997 lmmaines,
431 3939 494 3990 dans
508 3939 576 3989 leurs
590 3929 822 4008 dbmbppbments,
836 3933 1018 4008 s'adcptasscrrt
1032 3955 1062 3989 au
1078 3938 1136 4008 plan
1151 3937 1253 4004 general
1268 3936 1298 3987 tle
1310 3935 1331 3986 la

273 4035 361 4080 nature
375 4029 437 4080 dans
452 4029 474 4080 la
489 4029 663 4081 construction
675 4029 711 4080 du
724 4029 826 4082 mondc.
846 4049 859 4079 a
