2858 5090
512 427 651 483 ..35-

66 578 102 635 tat
122 592 138 636 r
154 593 160 634 :
183 564 312 635 horum
328 577 445 635 autem
461 565 606 635 exitium
622 591 695 636 non
708 591 750 636 ex
764 564 923 662 ipsorum
938 563 1113 638 dementia

64 701 113 770 sed
131 701 257 770 eloris
277 700 456 769 voluntate
475 701 564 769 fluit.
584 701 677 770 Cum
697 701 898 772 Cournotus
917 701 1019 783 libro,
1043 729 1113 800 quo

64 835 98 902 ile
112 835 266 908 idearum
286 848 320 904 et
335 845 539 904 eventorum
559 861 664 905 cursu
679 835 740 931 qui
755 837 882 906 nostris
897 837 1113 934 temporibus

64 968 118 1037 luit
144 969 224 1064 agit,
254 969 488 1064 Virgilianum
516 969 674 1039 inscribit
707 970 840 1040 dictum
870 973 993 1042 «Fata
1022 971 1114 1040 viam

64 1102 287 1183 inveniunt»,
311 1103 417 1172 simul
438 1103 591 1173 minores
611 1130 699 1199 quos
721 1104 874 1174 diximus
894 1127 997 1174 casus
1012 1106 1115 1175 obve-

64 1238 129 1307 nire
144 1239 268 1308 satetur
286 1264 326 1306 ac
341 1249 535 1334 praemonet
559 1264 603 1307 ne
623 1239 872 1308 obliviscamur
886 1239 1027 1310 eosdem
1047 1241 1116 1309 fato

64 1373 191 1442 cuidem
211 1372 365 1468 subjecta
385 1373 584 1442 remanere¹
606 1397 612 1440 :
631 1372 688 1441 bic
704 1399 856 1470 quoque,
880 1375 965 1470 quid
980 1373 1117 1443 Rationi

64 1504 245 1586 incumbat,
269 1505 355 1600 quid
378 1506 555 1583 Fortunae,
578 1531 642 1601 pro
662 1505 747 1575 locis
767 1533 806 1576 ac
828 1507 1044 1603 temporibus
1064 1507 1118 1576 in-

64 1651 157 1710 terest
172 1641 299 1711 metiri.

107 1774 202 1844 Nunc
234 1775 330 1845 enim
359 1786 429 1844 tam
458 1787 593 1844 certum
624 1775 762 1846 videtur
794 1777 1008 1846 curriculum
1040 1777 1119 1846 vitae

62 1909 210 2001 gentium
232 1923 272 1979 ut
291 1909 381 2006 nibil
395 1909 461 1980 fata
476 1921 628 1979 avertere
643 1910 773 2006 possit:
797 1937 891 1979 nunc
910 1922 1028 1979 autem
1049 1921 1118 1978 tam

62 2042 229 2112 incertum
246 2057 286 2113 ut
300 2043 355 2113 vel
369 2070 388 2112 a
403 2043 561 2112 minimis
581 2044 717 2113 casibus
734 2044 826 2114 idem
842 2044 952 2140 possit
967 2043 1115 2114 dellecti.

61 2177 145 2245 Nam
164 2177 356 2273 Byzantino
371 2177 521 2273 imperio
541 2178 612 2248 dux
627 2177 774 2274 quilibet
792 2179 873 2248 felix
887 2179 995 2248 finem
1011 2178 1120 2246 lacere
1137 2173 1139 2182 ’

60 2312 180 2406 potuit.
194 2313 240 2420 rit
249 2312 345 2381 hunc
356 2337 496 2408 quoque
508 2313 615 2382 finem
629 2326 806 2383 memento
819 2339 860 2382 ex
869 2311 1116 2390 imbecillitate,

56 2447 127 2540 jam
147 2447 207 2515 diu
227 2445 412 2543 explorata,
433 2447 641 2516 senescentis
660 2446 799 2543 imperii
817 2447 934 2542 potius
954 2473 1059 2544 quam
1080 2472 1122 2515 ex

59 2581 290 2676 inexspectato
301 2607 383 2650 casu
395 2580 603 2650 trahendum
622 2580 724 2650 esse².
742 2581 865 2651 Causis
882 2581 1121 2651 constantibus
1157 2659 1158 2663 Ἰ

60 2715 171 2783 metiri
189 2727 223 2784 et
243 2727 445 2810 computare
464 2727 600 2810 oportet
618 2714 704 2811 quid
724 2715 1003 2786 inconstantibus
1023 2713 1123 2811 quasi

58 2875 208 2918 vacuum
227 2848 456 2946 relinquatur.
476 2849 581 2938 Quod
597 2849 625 2918 si
644 2849 838 2944 conjuratio
853 2850 1013 2947 quaedam
1029 2873 1124 2944 pros·
1203 2863 1205 2870 '

57 3009 181 3078 perum
217 2983 339 3052 habuit
376 2983 519 3063 exitum,
548 2983 615 3053 hoc
647 3009 718 3052 non
751 2984 865 3053 solum
898 2981 1123 3079 extemporali

57 3117 210 3186 audaciae
238 3117 501 3212 conjuratorum
521 3117 694 3213 imputare
714 3129 861 3214 oportet,
886 3115 1067 3187 sedetiam
1092 3127 1125 3184 et

57 3251 251 3346 praesertim
280 3278 398 3320 rerum
427 3251 649 3347 publicarum
665 3252 878 3348 jamdudum
899 3251 1051 3347 probatae
1071 3249 1123 3319 in-

57 3384 215 3454 firmitati
225 3385 248 3453 ³.
268 3384 373 3474 Quod
388 3385 416 3454 si
428 3385 609 3480 provincia
624 3386 797 3482 quaedam,
816 3395 1015 3481 postquam,
1029 3382 1124 3452 vario

92 3640 117 3688 l.
141 3633 276 3694 lbid.,ll‚
291 3653 316 3706 p.
339 3637 399 3688 240.
425 3655 438 3684 u
459 3634 553 3701 Quand
576 3635 599 3687 le
622 3653 696 3687 cours
721 3634 833 3704 regulier
856 3633 899 3685 des
921 3634 1085 3684 e'venements
1111 3650 1125 3682 a

55 3724 132 3776 renni
146 3731 229 3775 toutes
240 3724 276 3776 les
286 3725 471 3776 circonstances
485 3725 597 3795 requises
607 3743 674 3795 pour
682 3725 705 3776 la
720 3723 843 3776 maturitii
853 3723 930 3774 d'une
940 3721 1036 3790 grande
1051 3721 1124 3780 crise,

55 3813 71 3864 il
82 3813 184 3866 semble
196 3831 246 3882 que
260 3813 284 3865 le
294 3813 385 3866 Destin
400 3832 425 3865 se
439 3814 516 3885 plaise
531 3817 545 3866 b
559 3813 651 3866 s'aider
664 3831 756 3866 encore
776 3813 811 3864 du
826 3831 949 3864 concours
970 3811 1001 3861 de
1016 3809 1126 3879 quelque

53 3921 132 3955 cause
146 3901 321 3954 accidentelle.
337 3923 351 3952 a

91 3997 117 4046 2.
140 3991 230 4058 lbtd„
242 3991 263 4050 l,
278 4011 304 4062 p.
320 3996 379 4045 120.

90 4088 116 4139 3.
141 4081 361 4138 Mate'rialr'srne.
385 4101 410 4152 p.
429 4085 498 4136 304:
519 4105 532 4134 α
552 4084 586 4136 Lo
608 4086 693 4136 succbs
714 4083 792 4134 d'une
814 4080 986 4150 conspiration
1010 4078 1126 4129 decidere
