2684 4896
527 343 668 394 ..29-

61 472 182 542 toricae
203 473 325 544 studiis
354 473 544 544 dictamina
573 476 797 545 conscientiae
817 475 947 546 diutius
976 503 994 546 a
1020 477 1130 572 priori

61 632 308 702 opponamus;
332 607 491 702 graviora
511 609 762 704 impedimenta
783 609 977 704 superanda
998 623 1090 680 sunt.

112 739 150 808 Si
169 740 265 809 enim
285 766 358 810 non
378 742 604 810 concedimus
639 742 848 838 cujusquam
863 742 972 812 libero
987 743 1130 812 arbitrio

59 870 248 941 historicos
272 899 456 968 processus
477 873 625 952 dellecti,
649 900 769 943 noune
789 873 939 942 dctluere
964 899 1022 943 cos
1042 901 1060 943 e
1079 875 1131 943 vi-

59 1029 183 1072 rorum
203 1003 394 1074 illustrium
415 1005 558 1097 ingenio
575 1006 786 1101 experientia
810 1006 903 1075 testis
930 1009 1006 1076 cstt
1037 1007 1130 1094 Quo-

59 1164 141 1206 rum
179 1138 336 1208 rirorum
370 1151 489 1208 ortum
526 1140 672 1209 minime
704 1140 899 1235 praevideri,
927 1152 974 1228 *et
1011 1152 1129 1210 tamen

60 1271 208 1340 maximi
228 1273 398 1342 momenti
418 1299 492 1342 esse
511 1273 691 1344 latendum
711 1287 773 1344 est.
794 1274 843 1343 Ex
856 1273 1001 1343 illorum
1029 1300 1047 1346 (<
1068 1275 1130 1345 lie-

58 1430 166 1474 roum
190 1435 206 1469 »
229 1406 463 1487 facultatibus
486 1407 652 1502 aquibus
674 1407 826 1477 scientiae
846 1420 1030 1502 augentur,
1055 1408 1130 1478 reli-

59 1538 184 1633 giones
204 1550 400 1620 vertuntur,
428 1541 517 1610 bella
546 1553 727 1635 geruntur,
758 1541 913 1611 civitates
944 1553 1124 1634 reguntur,

57 1671 216 1766 pendent
255 1673 403 1742 omnino
437 1700 670 1770 quercumque
703 1674 828 1766 tulgus
863 1675 1000 1768 cogitat,
1034 1702 1128 1770 qua-

60 1831 214 1900 cumque
230 1805 337 1901 cupit,
352 1832 584 1902 quacumque
600 1807 681 1900 agit.
704 1806 791 1875 Satis
807 1819 869 1884 est,
889 1833 942 1875 ex.
962 1834 1012 1901 gr.
1032 1808 1128 1876 ben·-

58 1951 133 2018 ton,
159 1939 324 2019 Colomb‚
347 1940 490 2020 Lutber‚
514 1940 704 2018 Richelieu,
725 1941 903 2036 Napoleon
920 1941 1122 2011 nominare:

58 2072 108 2140 illi
125 2098 245 2141 nonne
266 2068 365 2168 quasi
385 2085 529 2143 cometae
545 2073 694 2153 elucent,
718 2099 870 2168 quorum
891 2073 1125 2169 inexspectato

58 2231 210 2275 occursu
243 2206 408 2276 historica
438 2219 622 2302 systemata
653 2219 725 2276 tota
758 2207 842 2276 faeie
867 2209 1064 2302 perturbata
1092 2221 1126 2278 et

58 2340 160 2408 noris
180 2339 316 2433 legibus
337 2340 491 2436 subjecta
506 2367 579 2410 esse
595 2340 801 2410 rideantur.l

106 2473 284 2542 Cournoti
301 2472 442 2568 quidem
457 2474 638 2551 sententia,
658 2485 822 2543 nemoest
832 2473 918 2569 quin
932 2500 950 2541 a
964 2474 1125 2544 societate

57 2607 176 2703 aliqua
195 2607 352 2675 munitus
369 2607 411 2676 sit
426 2618 459 2676 et
478 2607 521 2676 ad
540 2607 646 2677 vitam
667 2620 818 2703 paratus
843 2608 959 2677 llomo
979 2608 1016 2676 in
1037 2635 1072 2677 se
1091 2621 1125 2677 et

56 2767 118 2835 per
128 2766 165 2808 se
179 2739 272 2809 solus
282 2740 484 2821 subsistens,
498 2740 586 2810 nihil
600 2741 694 2809 aliud
705 2753 755 2810 est
770 2767 875 2836 quam
892 2766 986 2810 mera
998 2741 1121 2810 lietiol.

57 3063 92 3114 les
106 3062 196 3114 choses
209 3061 254 3132 qui
268 3060 414 3131 dependent
432 3061 490 3131 plus
513 3061 546 3112 du
566 3060 631 3112 libre
650 3060 746 3111 arbitro
761 3061 792 3111 de
811 3060 936 3112 l'homme
949 3079 1009 3130 que.
1027 3061 1124 3130 chaque

56 3171 96 3204 cas
111 3150 255 3204 individuel
278 3153 349 3201 dtant
371 3149 429 3219 plus
455 3150 630 3220 independant
651 3149 759 3201 decens
784 3151 828 3218 qni
843 3150 1012 3207 l'avoisinent.
1035 3150 1052 3200 il
1074 3170 1089 3220 5
1111 3170 1125 3202 a

57 3242 141 3293 moins
155 3240 188 3291 dc
202 3258 243 3290 ees
256 3239 396 3290 intluences
409 3238 571 3307 irregulieres
584 3239 631 3309 qui
643 3240 792 3308 pourraient
804 3240 917 3307 (comme
931 3240 994 3290 dans
1008 3239 1044 3291 les
1059 3240 1124 3310 phe-

56 3333 180 3382 nomenes
194 3329 427 3398 meteorologiques
442 3328 502 3379 cite's
517 3348 548 3379 eu
563 3329 691 3397 exemple)
702 3329 805 3380 allecter
820 3335 891 3379 toute
905 3347 956 3379 une
971 3331 1034 3380 serie
1049 3330 1123 3380 d'ob·

55 3420 196 3470 servatione
212 3417 384 3488 particulibrcs
396 3436 462 3487 pour
473 3418 536 3468 loire
547 3418 615 3488 place
630 3419 728 3469 ensuite
740 3417 806 3468 lidos
818 3417 958 3469 inlluences
968 3419 1107 3469 contraires
1117 3439 1122 3477 ;

55 3515 80 3558 et
95 3526 142 3577 par
156 3509 315 3576 conse'quent
328 3507 389 3558 c'cst
400 3507 424 3558 la
438 3525 488 3576 que
502 3506 557 3557 deit
571 3507 682 3575 s'operer
694 3507 718 3557 lc
733 3507 789 3576 plus
806 3514 998 3576 premptement
1012 3507 1035 3558 la
1051 3525 1123 3557 com-

55 3597 190 3666 pensation
206 3595 237 3646 dc
251 3603 333 3647 tontes
346 3597 382 3647 les
401 3596 540 3647 inlluences
555 3579 698 3666 passagdres
719 3603 744 3648 et
764 3596 915 3649 anormales.
934 3617 947 3645 n
968 3595 1009 3646 Cf.
1034 3595 1121 3649 Enclr.

55 3686 106 3738 des
121 3685 216 3743 Idrias.
233 3685 268 3752 ΙΙ,
280 3705 305 3755 p.
319 3687 380 3738 347.

90 3779 116 3827 2.
140 3774 357 3834 Matc‘rielismc,
376 3794 400 3845 p.
419 3777 544 3829 1901194.
559 3805 588 3814 —
602 3774 826 3826 Enelrar'nemcnt
841 3775 891 3827 des
905 3774 995 3832 lde'es,
1013 3775 1033 3833 Ι,
1046 3793 1071 3843 p.
1085 3792 1121 3826 rr.

55 3887 68 3914 a
89 3865 239 3922 L’bommc,
258 3864 291 3914 tel
305 3882 355 3933 quc
377 3865 411 3914 les
426 3864 589 3934 philosophos
613 3864 635 3913 le
657 3864 815 3924 coneoirent,
833 3872 869 3914 est
893 3863 915 3913 le
931 3863 1033 3932 produit
1047 3863 1078 3913 de
1100 3863 1124 3915 la

54 3955 158 4007 culture
172 3953 271 4004 sociale.
294 3975 307 4003 n
