2684 4896
599 338 738 387 ,91-

135 499 176 540 ex
208 472 358 541 auctoris
383 471 491 540 nostri
525 470 689 566 operibus
716 469 913 539 delluxisse.
942 471 1019 539 Hoc
1053 482 1198 547 tautum,

135 606 223 674 dum
252 631 456 701 progressus
489 604 712 674 scientiarum
735 603 1024 697 sociologicarum
1054 603 1202 673 breviter

135 765 398 818 enumeramus,
423 739 585 834 cupimus
605 738 844 832 comprobare,
870 737 1054 807 methodos
1074 738 1201 834 quibus

135 885 170 942 et
185 885 305 942 eventa
327 873 469 968 majora,
493 884 526 941 et
538 872 629 966 leges
645 871 840 966 empi1·icaS‚
860 885 893 942 et
912 872 1003 966 leges
1019 871 1201 940 rationales

135 1033 184 1075 ea·
194 1007 324 1102 adeptae
340 1019 432 1085 sunt,
447 1033 528 1075 eum
543 1007 591 1075 eis
605 1005 779 1074 methodis
794 1006 882 1075 mire
898 1031 1100 1099 congruere,
1116 1032 1201 1102 quas

134 1167 153 1207 o
171 1140 285 1209 Nostri
300 1140 521 1235 philosophia
538 1139 676 1208 haurire
692 1139 807 1209 conati
827 1165 970 1211 sumus:
989 1139 1034 1208 ita
1050 1151 1088 1207 ut
1107 1139 1202 1208 haud

133 1285 265 1342 temere
304 1274 553 1343 concludamus
582 1272 841 1369 philosophiam
877 1272 1059 1351 Gournoti,
1099 1273 1201 1342 sinon

133 1408 267 1476 sontem
285 1408 496 1487 exstitisse‚e
512 1433 581 1504 quo
602 1408 755 1499 scientiae
769 1407 985 1500 sociologicaa
1004 1417 1197 1485 manarent,

133 1540 260 1610 iisdem
278 1542 398 1610 saltem
418 1542 515 1638 quasi
537 1542 720 1637 speculum
740 1553 860 1637 aptum
880 1541 1046 1636 praehere,
1074 1541 1109 1608 in
1131 1566 1201 1636 quo

134 1675 261 1744 elarius
281 1676 467 1770 respiciant
486 1702 554 1772 qua
574 1676 705 1746 ratione
726 1686 759 1745 et
769 1676 842 1771 jam
859 1701 1049 1770 progressae
1065 1674 1145 1753 sint,
1170 1687 1203 1744 et

135 1835 219 1878 mox
238 1835 483 1904 pl'OgI'eSSUI‘ae.

663 2098 675 2123 ι

633 2159 647 2189 a
689 2159 702 2191 tt

185 2379 272 2456 lmo,
297 2405 402 2474 quam
422 2379 466 2448 oh
486 2404 626 2448 causam
647 2391 744 2448 aetate
768 2390 886 2448 nostra
904 2377 1131 2448 utilissimum
1158 2377 1202 2446 sit
1273 2401 1275 2407 ’

134 2511 307 2581 Cournoti
337 2511 426 2581 dicta
453 2512 694 2591 commentari,
717 2512 784 2581 hoc
804 2526 960 2607 superest
989 2524 1026 2581 ut
1052 2514 1201 2583 breviter

134 2670 470 2714 commemoremus,

185 2779 251 2847 Tot
271 2777 365 2846 enim
382 2777 424 2847 de
439 2779 654 2874 sociologieis
676 2779 826 2848 scientiis
849 2779 1027 2847 hodiernae
1047 2779 1201 2875 ‹lisputa-
1271 2868 1278 2885 .

136 2912 247 2982 tiones
264 2938 306 2980 ex
325 2939 365 2981 eo
381 2924 573 2982 naseuntur
588 2913 682 3008 quod
698 2913 740 2980 de
756 2912 798 2981 iis
814 2912 962 3008 aequales
978 2924 1086 3006 agunt
1104 2913 1202 2982 alter-

134 3059 214 3114 utro
234 3045 352 3114 animo
368 3047 599 3141 praeoccupati
623 3074 628 3114 :
655 3047 712 3114 alii
733 3046 837 3114 nimis
867 3071 886 3114 ((
912 3045 1077 3115 historico
1099 3072 1117 3118 n
1143 3047 1200 3115 alii

135 3178 241 3246 ninus
263 3204 281 3247 «
304 3179 547 3275 philosophico
569 3207 601 3250 n.
626 3183 741 3269 Quam
757 3191 941 3276 utramque
962 3181 1089 3250 mentis
1110 3181 1201 3276 peri-

133 3312 290 3381 culosam
307 3312 595 3382 consuetudinem
616 3314 766 3407 effugere
781 3314 904 3409 possis
923 3314 950 3383 si
967 3314 1072 3384 modo
1087 3315 1197 3384 Com·-

137 3446 209 3514 noti
229 3446 392 3540 operibus
412 3446 531 3515 utaris.

186 3579 364 3649 Facillime
390 3580 485 3647 enini
514 3580 550 3647 hi
579 3580 639 3674 qni
660 3580 901 3676 philosophica
920 3580 1102 3676 disciplina
1122 3608 1201 3649 eon-

140 3712 343 3789 limnantur,
373 3713 612 3781 absolutorum
645 3726 872 3807 systematum
899 3714 1026 3783 curiosi
1060 3715 1200 3783 univer-

143 3845 339 3940 salibusque
386 3846 739 3916 dornonstrationihus
786 3848 924 3926 assueti,
976 3848 1028 3915 in‘
1057 3848 1201 3919 historia

144 3977 324 4050 hominum
346 3980 461 4047 ‹ninria
497 3980 548 4048 tel
579 3981 780 4051 tenuissima
809 3993 930 4051 eventa
954 3982 1028 4077 lege
1050 3982 1199 4080 quadarn
