2684 4896
598 362 738 413 ,13-

135 497 195 566 sed
209 495 352 592 propriu
371 521 473 564 causa
487 494 648 564 carentia.
675 494 803 588 Finges
823 494 1009 563 effectuum
1033 508 1064 566 et
1083 520 1200 565 causa-

135 657 214 699 rum
245 631 331 699 duas
365 628 481 709 series
515 629 579 698 sub
607 629 719 725 speeie
749 629 898 698 duarum
921 628 1104 698 linearum.
1133 629 1201 699 Eae

134 764 343 860 plerumque
372 789 413 832 ex
439 762 582 832 adverso
602 763 737 858 positm,
761 762 938 857 sejunctae,
961 776 1130 832 extraneae
1145 787 1202 831 ex-

135 898 345 971 tendantur:
373 910 456 967 tunc
477 923 580 965 suum
600 909 746 992 utraque
769 897 873 965 series
887 895 1051 979 normale
1079 895 1203 965 efficiet

136 1056 238 1126 opus.
265 1031 311 1099 At
330 1031 539 1126 quandoque
562 1030 620 1099 liat
644 1043 682 1099 ut
704 1056 772 1098 una
788 1030 824 1098 in
844 1031 988 1100 alteram
1004 1029 1146 1109 incidat,
1170 1040 1203 1099 et

135 1164 227 1232 inter
239 1190 275 1234 se
291 1177 428 1242 secent;
447 1175 531 1232 tune
546 1163 678 1258 aliquid
694 1163 824 1232 orietur
836 1164 917 1232 nori
933 1164 1030 1260 quod
1049 1190 1066 1232 e
1082 1175 1203 1233 neutra

136 1297 236 1377 serie,
271 1298 455 1394 sejunctim
484 1297 608 1392 posita,
634 1298 792 1376 ducetur,
816 1324 879 1366 neo
913 1311 1028 1368 tamen
1063 1324 1081 1367 c
1114 1323 1204 1368 nora

136 1431 237 1509 serie,
268 1432 328 1501 sed
352 1458 369 1502 e
388 1432 547 1527 priorum
568 1458 740 1500 concursu
756 1444 790 1500 et
808 1431 1052 1501 intersectione
1073 1433 1200 1501 ellluet.

136 1565 226 1652 Quae
241 1565 291 1634 sie
311 1565 516 1660 gignuntur,
539 1591 577 1634 ea
597 1565 746 1634 dicimus
766 1592 848 1635 easu
871 1565 1019 1634 evenire.
1043 1564 1082 1633 ld
1102 1576 1164 1644 cst,
1187 1591 1205 1634 c

136 1699 297 1768 Fortuna
340 1699 492 1794 pendere
530 1699 731 1768 Cournotus
764 1699 937 1768 existimat
973 1699 1206 1794 pluenomena

138 1859 388 1930 quaecumque,
405 1860 469 1903 nee
490 1834 563 1903 sine
583 1861 685 1904 causa
707 1860 808 1903 neca
828 1833 993 1928 peculiari
1012 1859 1127 1913 causa,
1147 1832 1206 1902 sed

136 1993 155 2035 a
178 1968 415 2063 sejunctarum
436 1995 620 2038 causarum
647 1969 894 2064 conjunctione
914 1968 950 2036 in
966 1968 1080 2037 lucem
1094 1967 1176 2063 pros
1194 2011 1206 2019 -

136 2107 295 2170 runtur¹.

189 2235 307 2323 Quam
329 2234 570 2304 definitionem
596 2248 633 2305 ut
653 2235 754 2332 plane
769 2230 1018 2336 intelligamus,
1042 2246 1145 2304 restat
1170 2245 1208 2302 ut

136 2367 269 2436 indicia
285 2368 509 2437 enuntiemus
522 2368 650 2464 quibus
666 2395 850 2438 causarum
865 2369 968 2438 series
980 2395 1059 2439 vere
1072 2368 1208 2463 sejunc-

139 2513 190 2571 tas
224 2501 420 2572 discernere
446 2502 558 2571 liceat.
590 2503 728 2571 Etenim
762 2529 944 2572 causarum
972 2503 1075 2572 series
1105 2502 1207 2571 lineis

136 2634 313 2730 parallelis
331 2635 543 2731 aequipamrc
567 2662 638 2704 non
667 2635 747 2704 satis
770 2647 831 2705 est.
867 2638 944 2705 Non
970 2636 1086 2705 omnis
1106 2661 1208 2705 causa

136 2768 191 2837 vis
230 2768 433 2838 mechanica
467 2781 529 2848 cst,
563 2795 640 2864 quae
680 2769 717 2837 in
756 2769 866 2865 spatio
901 2770 1041 2840 extendi
1080 2770 1203 2866 possit.

138 2901 248 2990 Quod
272 2901 301 2969 si
326 2900 425 2970 istius
453 2928 636 2971 causarum
661 2902 890 2998 sejunctionis
906 2903 1087 2973 notionem
1103 2929 1209 2999 quam

138 3033 294 3104 maxime
322 3033 427 3104 latam
448 3035 629 3130 concipere
654 3061 835 3115 conamur,
859 3062 935 3106 cam
955 3036 1111 3106 invenire
1131 3037 1211 3105 licet

138 3167 246 3237 series
275 3193 347 3235 non
377 3168 487 3263 spatio
508 3169 566 3238 sed
588 3168 798 3262 cogitatione
823 3169 1091 3266 comprehensas
1111 3170 1211 3238 effin-

138 3301 269 3394 gendo.
293 3300 417 3370 Eidem
440 3302 539 3371 seriei
569 3301 705 3372 diversa
728 3303 901 3373 inhaerent
926 3303 1162 3398 phaenomena
1182 3303 1211 3371 si

140 3432 253 3502 modo
296 3432 380 3502 haee
414 3434 521 3504 veluti
550 3436 753 3504 carumdem
786 3436 1037 3531 proprietatum
1070 3437 1211 3506 ellectus

178 3718 203 3765 1.
228 3713 363 3765 Fondene
379 3714 585 3776 denormare,
601 3717 621 3775 l,
636 3736 662 3785 p.
676 3719 765 3769 39-49.

179 3805 205 3853 2.
226 3802 445 3859 Materialisnrc.
463 3823 487 3872 p.
506 3807 641 3858 305-315:
659 3826 672 3854 ι(
693 3805 779 3856 L'idco
794 3806 828 3856 du
844 3805 935 3857 hasard
948 3814 985 3858 est
1000 3807 1061 3858 celle
1074 3807 1105 3858 de
1119 3807 1211 3858 l’inde-

140 3891 276 3961 pendancc
290 3892 398 3942 actuclle
411 3899 436 3942 et
454 3892 485 3943 de
504 3893 528 3943 la
548 3901 681 3944 rcncontre
700 3894 864 3946 accidentelle
879 3895 910 3946 dc
932 3896 1042 3947 diverses
1057 3897 1159 3948 clralnes
1178 3916 1211 3948 ou

139 3980 222 4030 series
236 3979 269 4030 de
280 3997 378 4030 causes.
401 4000 414 4028 n
