2858 5090
67 593 105 662 sit
128 593 265 663 illarum
285 594 373 663 ratio
394 621 432 664 ac
455 595 621 664 natura¹:
651 595 745 690 quod
765 594 802 662 in
824 595 866 664 iis
891 623 986 676 casu,
1010 597 1124 666 avire

66 753 199 820 magne,
221 728 405 797 inventurn
421 739 483 806 est,
507 728 575 796 hoe
596 755 669 797 non
694 728 833 804 irritum
857 729 988 816 transit,
1006 736 1083 808 nec,
1106 757 1126 799 a

65 861 140 930 viro
161 873 393 957 procreatum,
419 861 582 931 vivorum
602 861 710 931 instar
732 863 945 932 rnoritururn
965 863 1122 942 videtum

65 995 199 1066 intenta
217 995 395 1064 adduntur
410 1007 443 1064 et
458 995 495 1063 in
511 1021 585 1064 uno
601 1007 850 1065 coacervantur
864 997 1042 1076 thesaure,
1065 997 1126 1093 qui

65 1157 81 1196 a
97 1128 285 1224 majoribus
297 1128 440 1221 traditus
452 1128 612 1224 posteris,
626 1129 662 1198 in
676 1142 847 1199 arternum
863 1130 982 1224 augeri
996 1141 1121 1226 potest.

66 1263 169 1359 Cujus
181 1263 325 1359 quidem
335 1256 536 1332 constitutio
545 1275 577 1332 et
589 1263 726 1333 traditio
737 1290 755 1332 a
765 1263 927 1359 politicis
939 1263 1121 1358 religiosis,

65 1397 115 1466 rel
133 1397 293 1492 juridicis
322 1396 490 1465 institutis
511 1407 543 1464 et
564 1396 720 1464 moribus
746 1396 902 1491 primurn
926 1397 1121 1492 pependit²;

64 1543 93 1600 at
108 1558 188 1600 inex
201 1532 239 1600 fit
259 1541 297 1599 ut
308 1529 463 1608 scientia,
480 1555 498 1598 e
513 1529 675 1598 vitalibus
690 1529 952 1626 vinculisquasi
968 1530 1122 1608 liberata,

65 1666 252 1736 necessario
267 1663 518 1761 progrediatur.
543 1663 686 1758 ejusque
702 1663 843 1732 inventa
859 1690 973 1732 rueres
989 1663 1082 1759 ipsos
1094 1677 1127 1733 et

65 1800 217 1870 instituta
227 1799 367 1895 publica
377 1797 544 1894 paulatim
558 1798 714 1866 inficiant
727 1825 732 1866 :
745 1798 796 1888 ita
805 1810 843 1866 ut
857 1798 894 1866 in
905 1798 1125 1868 societatibus

65 1935 187 2004 nestris
203 1960 303 2030 perne
319 1933 438 2002 omnia
456 1932 682 2000 'scientiarum
703 1959 927 2027 progressum
948 1932 1017 2002 sint
1036 1932 1126 2002 inse-

65 2081 194 2138 cutura.

109 2203 159 2272 Ex
172 2229 243 2298 quo
254 2202 445 2296 intelligere
456 2201 625 2296 licetquid
636 2201 680 2270 sit
694 2201 806 2269 cultus
821 2201 955 2294 generis
964 2199 1123 2269 humani.

65 2338 175 2425 Quem
202 2347 338 2432 oportet
365 2337 407 2404 ab
435 2362 475 2404 eo
504 2335 599 2404 cultu
624 2334 864 2404 discriminare
895 2335 967 2430 qui,
996 2335 1126 2430 populo

63 2472 185 2568 cuique
205 2470 380 2566 proprius
405 2475 477 2566 ejus
499 2469 576 2538 vitre
597 2469 696 2565 quasi
715 2468 886 2562 alligatae,
911 2469 985 2564 ejus
1005 2469 1126 2537 mortis

63 2605 229 2700 particeps
250 2630 323 2673 esse
344 2603 511 2672 i·idetur³.
536 2602 640 2690 Quod
656 2602 684 2670 si
700 2602 860 2696 neglegas
881 2629 949 2696 qua
961 2601 1127 2696 peculiari

63 2752 176 2809 inente
187 2750 307 2832 gentes
320 2737 464 2806 diversae
478 2737 616 2806 easdenr
628 2735 836 2832 quaestiones
857 2761 1026 2830 aggressae
1044 2735 1124 2813 sint,

63 2873 174 2969 aliqua
185 2899 226 2942 ex
241 2872 367 2940 ltarurn
379 2871 542 2967 operibus
558 2869 761 2939 eommunia
772 2870 926 2966 eminere
938 2869 1122 2962 intelligas,

65 3008 143 3076 llaec
160 3018 243 3075 sunt
262 3032 352 3101 quae,
376 3005 497 3100 populi
520 3004 689 3100 cujusque
709 3004 885 3072 fortunam
905 3003 1005 3100 quasi
1024 3029 1124 3098 supe-

63 3141 182 3220 rantia,
219 3140 412 3209 constantia
440 3139 539 3218 tradi,
570 3138 625 3206 vel
650 3137 765 3233 petius
786 3149 983 3206 constanter
1008 3137 1125 3231 augeri

63 3275 214 3369 possint:
235 3286 317 3344 sunt
331 3274 426 3343 enirn
442 3273 484 3343 ad
499 3272 752 3368 perennitatem
767 3271 991 3341 obtinendam
1006 3272 1126 3341 eadern

96 3572 120 3620 1.
144 3566 230 3626 leid„
248 3566 281 3625 ll,
306 3569 434 3620 285·299.
461 3566 494 3616 [aa
509 3565 614 3622 seleuce,
638 3565 782 3616 l'industrie
803 3585 816 3614 (ι
833 3572 890 3616 sont
910 3565 1126 3617 essentielleinent

61 3659 216 3726 gaurernees
231 3674 278 3725 par
292 3655 315 3706 la
330 3655 364 3706 lei
376 3655 410 3706 du
426 3657 532 3725 progres
546 3653 651 3704 indefini
666 3673 689 3704 n.

94 3750 121 3799 2.
143 3744 260 3798 Marche
276 3743 326 3796 des
342 3743 434 3803 Idrias,
447 3744 468 3799 l.
487 3747 529 3796 23.
548 3745 590 3794 24.

95 3841 121 3887 3.
144 3833 362 3892 Materialisrne,
378 3852 403 3902 p.
423 3835 483 3891 23¹1,
501 3836 560 3884 235.
578 3864 612 3869 —
627 3832 668 3883 Gt.
687 3831 774 3884 Enele
789 3831 839 3884 des
861 3831 953 3892 Idees,
972 3833 1006 3892 ll,
1021 3852 1046 3902 p.
1064 3835 1127 3883 329-

63 3927 122 3977 :ist
141 3945 154 3974 ιι
170 3925 244 3974 licre
260 3923 384 3974 rraiment
400 3922 522 3972 moderno
546 3921 603 3972 date
625 3940 690 3990 pour
705 3940 768 3972 nous
783 3921 813 3972 tle
830 3922 948 3990 l'epoque
962 3923 995 3972 oa
1010 3922 1033 3972 la
1048 3921 1127 3972 civili·

62 4015 142 4064 sation
156 4012 286 4082 generale.
302 4031 347 4081 par
359 4013 382 4062 la
398 4010 545 4079 rigneurde
560 4029 605 4061 son
616 4011 837 4082 tlc'ieloppement⁷
855 4011 914 4062 tend
930 4013 943 4062 a
958 4011 1081 4062 oblitercr
1091 4011 1126 4063 les

64 4103 133 4156 traits
148 4102 273 4158 distintiss
287 4101 318 4156 de
333 4101 431 4176 aliaque
446 4103 555 4176 systerne
570 4099 681 4156 national
696 4118 727 4152 cn
743 4100 900 4173 particulicr.
916 4121 929 4152 ιι
