2684 4896
530 393 565 402 -
586 365 618 415 *19
639 393 671 402 -

64 497 159 566 inter
186 497 278 591 leges
298 523 403 593 puras
423 508 456 566 et
475 521 569 565 mern
594 497 682 566 facta
706 496 804 592 quasi
829 498 942 568 media
962 497 1132 594 quaedam

64 629 218 700 inserere
237 631 433 700 conabitur.

115 764 142 832 E
162 775 213 833 tot
232 764 503 861 discrepantium
531 775 720 834 eventuum
745 777 830 835 aestu
855 791 974 835 nonne
1002 767 1133 863 aliquid

65 897 245 967 interdum
262 898 407 992 emergit
427 898 547 968 stabile
562 899 577 966 i
595 898 672 968 Atia
689 899 807 980 semel,
829 899 895 969 alia
916 899 1041 996 saepius
1061 926 1135 970 erc-

66 1034 182 1101 niunt.
202 1033 294 1103 Sunt
313 1060 391 1129 quae
405 1033 441 1101 in
463 1033 564 1103 certis
585 1034 687 1102 rebus
708 1033 872 1128 contigua
893 1045 926 1103 et
944 1034 1135 1104 coalescen-

66 1166 113 1235 tia
125 1165 225 1261 quasi
245 1165 392 1236 fideliter
415 1167 537 1236 eodem
561 1179 715 1264 tempore
736 1168 886 1237 redeant.
915 1169 952 1236 tn
975 1167 1134 1237 animan-

67 1299 157 1368 tium
182 1299 376 1395 praesertim
403 1301 583 1396 speciebus
606 1302 688 1370 tales
722 1302 981 1373 convenientias
1007 1303 1132 1372 iterum

66 1444 169 1528 atquc
191 1433 321 1504 iterum
347 1435 529 1506 ohservare
549 1435 640 1505 licet.
670 1437 765 1524 Quas
784 1436 920 1506 etiamsi
944 1463 962 1506 a
983 1437 1133 1533 simplici

66 1567 219 1663 quadam
230 1569 482 1665 proprietatum
498 1570 746 1666 conjunctione
761 1570 886 1639 ducere
902 1596 1130 1666 nequeamus,

67 1712 185 1771 tamen
214 1715 254 1773 ut
286 1705 528 1774 constantibus
557 1705 676 1774 nescio
705 1705 790 1800 quid
823 1705 982 1774 normale
1002 1705 1051 1774 eis
1078 1705 1134 1774 ad-

67 1835 219 1906 scribere
239 1837 418 1907 debemus.
447 1839 632 1935 Propterea
653 1839 759 1935 quod,
777 1851 827 1908 tot
847 1838 949 1909 variis
980 1840 1129 1919 casibus,

66 1969 189 2039 eadem
209 1971 457 2041 attributorum
476 1974 566 2042 inter
579 2000 614 2042 se
629 1973 912 2043 convenientium
933 1973 1132 2069 conjunctio

63 2103 222 2182 iteratur,
253 2105 453 2200 conjunctio
479 2132 551 2175 non
571 2091 707 2174 ridetur
731 2132 748 2174 e
773 2132 853 2175 casu
880 2105 1043 2202 pendere.
1075 2106 1131 2175 Sic

64 2237 123 2306 isti
147 2236 383 2334 propositioni
416 2265 422 2308 :
449 2263 468 2308 <r
497 2239 668 2308 Omnium
700 2238 905 2308 animalium
934 2265 1021 2336 quae
1046 2238 1132 2308 laete

64 2371 210 2440 aluntur
225 2384 356 2468 septem
368 2383 450 2441 sunt
464 2372 646 2441 cervicatos
661 2373 826 2442 vertebra
838 2398 856 2442 ))
874 2372 1077 2464 dignitatem
1094 2383 1131 2441 ut

63 2503 112 2574 ita
127 2505 243 2575 dicam
260 2531 278 2576 «
301 2506 452 2601 typicam
473 2532 492 2576 ))
508 2508 674 2576 conseras.
698 2506 772 2576 Tali
788 2506 932 2575 notione
947 2506 1047 2585 duce,
1066 2507 1133 2575 ‹lis-

64 2665 208 2710 cernere
229 2639 344 2736 possis
368 2640 453 2735 quid
479 2641 525 2708 rei
557 2641 695 2736 cuique,
724 2640 809 2736 quid
829 2640 947 2734 generi
968 2640 1133 2708 universo

63 2774 249 2869 proprium
276 2775 332 2854 sit,
362 2775 446 2870 quid
471 2801 533 2870 per
556 2774 728 2855 accidens,
752 2775 837 2870 quid
861 2800 923 2870 per
948 2774 1132 2843 essentiam

64 2908 214 2989 eveniat,
241 2908 329 3005 quid
349 2909 516 2988 Fortuna,
549 2909 634 3004 quid
659 2910 784 2978 Natura
801 2920 824 2977 1.
848 2909 943 2978 Licet
960 2909 1130 2978 rationein

64 3067 135 3136 qna
162 3039 297 3110 diversa
315 3041 480 3112 attributa
509 3041 635 3110 iterum
655 3053 757 3136 atque
776 3041 902 3110 iterum
923 3040 1130 3110 coherentia

64 3184 253 3243 cernantur
273 3199 348 3244 non
372 3174 578 3269 concipias:
608 3173 688 3242 satis
717 3185 766 3242 est
799 3200 920 3242 eorum
955 3174 1130 3242 eohauen-

66 3306 151 3376 tiam
167 3331 304 3402 semper
325 3318 358 3376 ct
376 3307 506 3404 ubique
520 3307 697 3403 percipere
712 3318 751 3375 ut
764 3333 902 3376 censeas
923 3332 999 3375 eam
1020 3333 1037 3375 e
1057 3307 1131 3401 lege

65 3439 219 3537 quadarn
231 3439 432 3535 procedere,
451 3441 479 3509 si
495 3468 566 3511 non
583 3441 746 3536 simplici,
766 3441 886 3510 saltem
902 3440 1086 3520 constanti,
1106 3440 1133 3509 si

66 3599 139 3643 non
151 3573 352 3655 scientifica,
365 3575 499 3651 saltem,
516 3586 553 3643 nt
568 3573 698 3644 tlillius
709 3574 848 3655 diceret,
863 3600 880 3645 a
894 3574 1058 3670 empirica
1076 3600 1094 3642 n
1107 3574 1129 3641 ².

104 3835 129 3884 1.
151 3830 286 3884 Fondem.
301 3830 336 3884 de
351 3849 506 3887 noscano..
522 3831 553 3887 ΙΙ,
572 3852 596 3903 p.
613 3835 674 3885 255.

104 3924 129 3972 2.
152 3919 292 3972 Encbatn.
309 3919 360 3972 des
375 3919 465 3975 Ide'es.
482 3920 514 3975 ll.
525 3939 551 3990 p.
570 3924 619 3973 351
635 3941 639 3970 :
659 3941 672 3968 a
683 3919 751 3971 Tous
765 3921 801 3971 les
811 3921 984 3971 mammiibres
995 3922 1020 3988 (a
1034 3939 1085 3971 une
1100 3938 1133 3970 on

65 4011 134 4062 deux
147 4009 294 4078 exceptions
308 4011 376 4080 pr'es)
383 4017 429 4061 ont
437 4018 491 4080 sept
504 4009 632 4061 vertebras
642 4010 788 4069 cerrieales3
805 4029 868 4061 nous
883 4011 941 4060 n‘en
957 4028 1049 4078 myons
1062 4010 1134 4079 point
