2858 5090
742 465 776 476 -
797 437 831 489 22
855 465 884 475 -

283 568 463 664 sejungere
483 568 519 637 in
534 580 700 664 promptu
720 582 782 648 est,
806 581 839 639 et
863 570 967 640 series
988 570 1182 640 discernere
1197 598 1344 668 quarum

281 703 355 774 aliae
363 703 465 799 plane
478 715 659 782 extranea,
673 702 748 772 aliae
760 703 878 799 potius
890 731 1055 774 connexae
1065 731 1139 775 esse
1150 704 1340 784 videantur,

281 837 356 906 alise
375 838 525 930 fugaces
545 835 620 905 aliae
640 836 844 916 stabiliores,
864 837 950 917 aliea,
970 851 1008 909 ut
1022 837 1069 908 ita
1084 839 1210 918 dicam,
1229 865 1338 908 secun-

281 971 398 1048 dariae,
427 969 502 1039 aliar
527 969 702 1065 primarie¹
717 971 744 1038 ¹.
773 971 851 1058 Qua
876 971 1028 1068 διακρίσει,
1057 972 1191 1042 etiamsi
1214 973 1344 1043 oblatos

282 1105 484 1200 complexus
500 1103 589 1173 inter
604 1129 639 1173 se
655 1129 855 1199 comparare
870 1105 964 1174 haud
980 1105 1077 1175 lacile
1094 1105 1148 1185 sit,
1167 1106 1264 1176 nulla
1278 1107 1345 1176 fere

281 1250 332 1308 est
346 1249 553 1308 eventorum
573 1237 758 1307 concursio
779 1238 862 1334 quin
889 1238 1042 1334 quodam
1063 1239 1169 1309 modo
1193 1240 1345 1310 ordinari

280 1371 401 1467 possit.
424 1370 531 1449 Licet,
561 1370 598 1438 in
634 1371 756 1440 talibus
788 1371 1094 1451 concursionibus,
1126 1373 1241 1442 nullas
1269 1373 1348 1442 sim-

279 1505 386 1601 pliees
415 1504 469 1573 vel
498 1530 541 1573 ne
572 1516 771 1575 constantes
791 1505 934 1600 quidem
962 1506 1054 1600 leges
1079 1507 1343 1603 deprehendas:

281 1650 383 1708 restat
408 1649 445 1708 ut
464 1649 586 1708 eventa
606 1638 740 1733 majora
754 1639 929 1709 discernas
945 1652 1059 1736 atque,
1077 1641 1106 1709 si
1125 1641 1238 1712 dicere
1253 1641 1344 1720 licet,

282 1771 519 1868 praepotentia.

331 1906 538 2006 Tenendum
560 1906 665 2000 igitur
698 1907 817 1976 animo
847 1919 897 1976 est
931 1908 1050 1977 omnia
1080 1907 1348 2004 qualiacumque

284 2040 354 2110 sint
386 2052 507 2109 eventa
544 2065 616 2109 non
645 2040 821 2135 aequaliter
849 2041 1029 2110 esortuna
1065 2043 1228 2136 pendere.
1261 2043 1349 2131 Quae

285 2171 416 2252 omnia,
436 2173 521 2241 dum
536 2174 624 2243 sacta
640 2173 842 2242 summatim
855 2174 1081 2244 rationalibus
1094 2175 1230 2268 legibus
1245 2203 1351 2272 oppo-

287 2308 416 2387 nimus,
446 2307 529 2377 sorti
559 2306 710 2377 obnoxia
733 2333 806 2377 esse
824 2307 903 2403 jure
924 2309 1194 2387 contendimus3
1219 2311 1350 2380 sivero

287 2443 407 2512 eadem
423 2441 513 2512 inter
533 2468 567 2511 se
584 2468 841 2538 comparamus,
861 2444 1142 2539 operaepretium
1163 2456 1214 2514 est
1237 2445 1352 2514 metiri

289 2604 307 2646 e
333 2587 418 2672 quot
448 2575 637 2670 majoribus
665 2576 905 2646 minoribusve
928 2577 1063 2646 casibus
1091 2578 1158 2647 hoc
1187 2592 1246 2649 aut
1265 2577 1351 2647 illud

290 2721 439 2789 emanet,
461 2721 576 2804 atque,
594 2737 613 2779 a
629 2710 733 2780 meris
752 2710 988 2780 accidentibus
1012 2711 1156 2780 maximi
1183 2713 1352 2782 momenti

290 2846 378 2914 sacta
392 2844 599 2925 discernere,
617 2872 695 2940 quae
710 2845 811 2914 nobis
831 2872 849 2916 e
868 2872 991 2916 norma
1006 2846 1156 2942 quadam
1170 2858 1204 2917 et
1217 2874 1315 2944 larena
1336 2874 1352 2916 e

292 2991 414 3048 natura
430 2978 566 3047 evenire
589 2977 783 3048 videantur.

342 3110 497 3180 Rationis
512 3111 617 3204 igitur
632 3111 787 3181 officium
810 3124 860 3182 est
880 3140 950 3183 non
970 3113 1085 3208 primo
1105 3115 1270 3184 Fortunae
1284 3114 1353 3182 ictu

294 3245 473 3315 demittere
488 3246 658 3314 animum.
686 3247 724 3314 In
741 3257 907 3341 potestate
935 3258 986 3316 est
1007 3247 1215 3328 intellectus
1245 3245 1353 3317 tribus

296 3379 405 3473 magis
434 3390 466 3449 et
493 3379 604 3474 magis
639 3379 822 3449 contractis
862 3380 1267 3460 circummunitionibus,
1297 3407 1354 3449 ex-

331 3720 354 3768 t.
378 3715 557 3768 arachaeum.
572 3715 622 3767 des
635 3715 717 3769 Ide'rs
730 3715 869 3784 fandata„
887 3718 919 3774 ll.
938 3717 999 3770 352.
1013 3718 1034 3768 ll
1049 3725 1085 3768 cst
1101 3718 1210 3788 possible
1222 3718 1253 3770 de
1273 3739 1285 3768 a
1300 3717 1352 3768 dis-

294 3824 383 3858 cerner
397 3805 459 3856 dans
473 3805 623 3856 l'ensemble
644 3805 688 3856 des
711 3808 875 3857 everrements
895 3805 1048 3876 historiques
1071 3807 1114 3858 des
1138 3808 1196 3858 l'eits
1217 3810 1350 3876 generem,

294 3895 449 3954 dominants,
466 3895 511 3965 qui
524 3913 556 3947 en
571 3896 684 3946 forment
693 3913 793 3946 comme
803 3896 827 3947 la
839 3896 977 3965 charpcnte
988 3914 1023 3948 ou
1033 3896 1165 3948 l'ossature
1178 3917 1183 3957 ;
1198 3897 1229 3948 do
1242 3902 1353 3948 montrer

295 3991 425 4036 comment
439 3987 453 4034 a
467 4003 507 4036 ees
528 3984 584 4036 faits
605 3986 733 4054 generem
754 3992 779 4036 et
802 3985 834 4035 de
857 3985 968 4057 premier
989 3985 1065 4037 ordre
1086 3987 1139 4037 s'en
1164 3986 1352 4038 subordounent

295 4074 439 4127 d’autres...
456 4093 470 4123 n
