2858 5090
747 447 889 500 -44..

287 611 380 662 cere;
414 584 462 654 sic
491 609 615 653 corum
645 582 723 652 virae
752 592 866 651 aetates
894 581 1170 677 distinguuntur,
1203 611 1344 680 quarum

286 719 468 816 explicatio
489 745 551 814 per
578 743 613 788 sc
632 717 682 796 fit,
707 743 778 786 non
803 743 865 812 pcr
888 717 1078 786 accidcns¹.
1106 717 1342 789 Animantium

286 866 356 923 tam
381 851 546 922 naturalis
569 850 662 920 exitii
685 877 790 946 quam
810 849 901 919 initii
921 850 1091 920 rationem
1118 851 1256 921 haurire
1278 879 1343 922 non

286 988 365 1056 licet
381 1013 399 1056 e
415 1011 532 1055 rerum
546 984 817 1054 inanimatarum
831 1009 1017 1053 concursu.
1033 984 1110 1054 tlon
1126 985 1343 1055 fortuitorum
1413 987 1414 996 ’

287 1120 488 1192 mechanica
521 1119 788 1214 congregatione
816 1119 979 1188 vivorum
1014 1119 1241 1214 proprietates
1270 1147 1344 1190 con-

282 1256 493 1351 junguntur,
513 1253 567 1323 vel
583 1264 696 1322 {etates
717 1263 967 1349 exsequuntur.

336 1388 431 1477 Quid
458 1399 572 1461 restat,
598 1387 664 1456 nisi
684 1399 723 1457 ut
743 1387 813 1456 rim
838 1387 1028 1484 quamdam
1047 1389 1258 1484 peculiarem
1286 1390 1346 1458 hoe

287 1524 421 1592 efficere
445 1521 651 1618 putemus³l
681 1521 729 1590 Ea
756 1533 818 1602 est,
850 1521 892 1590 ad
921 1522 1111 1592 animantia
1129 1535 1189 1591 aut
1208 1523 1348 1592 virentia

288 1684 359 1727 non
381 1656 547 1726 servanda
568 1667 716 1733 tantum,
737 1656 796 1726 scd
817 1656 1012 1752 pecundum
1032 1669 1124 1726 certa
1143 1658 1348 1754 exemplaria

288 1791 532 1862 constituenda
560 1790 697 1860 idonea.
726 1792 807 1879 Quo
832 1804 950 1887 pergat
975 1791 1130 1860 mundus
1155 1804 1260 1870 totus,
1287 1792 1347 1860 hoc

290 1925 451 1995 mortales
466 1925 572 2018 fugit:
596 1951 668 1993 non
688 1952 770 1994 vcro
785 1926 870 2021 quid
885 1925 1011 2021 cuique
1026 1952 1216 2021 corporum
1236 1926 1348 2021 generi

289 2060 331 2129 sit
350 2058 584 2155 propositum.
609 2059 690 2128 llaec
710 2059 804 2127 enim
821 2059 884 2138 ric,
901 2087 979 2154 quai
1000 2060 1041 2128 iis
1057 2060 1146 2130 inest
1161 2087 1270 2157 caque
1285 2060 1349 2130 ani·
1415 2059 1416 2070 ’

289 2206 371 2272 mat,
400 2193 498 2289 quasi
523 2193 684 2289 quadam
708 2193 893 2289 archetypa
925 2194 990 2262 sibi
1020 2194 1197 2290 proposita
1229 2195 1345 2264 habet:

288 2355 366 2423 qum
388 2340 426 2396 ut
441 2327 596 2396 imitetur
615 2327 738 2397 exteris
759 2327 890 2396 uiribus
911 2329 1037 2424 saepius
1058 2328 1196 2399 resistit.
1222 2329 1347 2398 nedum

287 2461 451 2531 inserviat
471 2461 626 2530 iisdemt
646 2462 693 2530 Ea
706 2473 825 2531 autem
838 2474 876 2530 ut
890 2476 1012 2558 sponte
1022 2463 1154 2532 laborat
1169 2463 1214 2532 ita
1232 2477 1347 2560 sponte

288 2595 504 2690 defatigatur.
542 2594 707 2664 Vitalium
746 2596 904 2672 delectio,
946 2597 1041 2666 haud
1079 2597 1196 2666 minus
1248 2626 1347 2694 quam

288 2757 412 2800 eorum
440 2732 611 2802 conlectio
639 2731 774 2824 legibus
796 2731 957 2826 propriiS‚
988 2758 1059 2801 nen
1088 2731 1182 2802 casui
1209 2732 1346 2802 cuilibet

290 2865 444 2961 subjecta
458 2892 531 2936 csse
549 2865 697 2936 videtur.

326 3223 349 3270 l.
373 3219 587 3279 Materialismr,
606 3240 630 3290 p.
656 3219 1257 3287 187.«toschams0i1misasaure'gi111ede
1279 3220 1346 3271 lario
1417 3217 1418 3226 ¹

288 3316 334 3360 ont
348 3327 413 3378 pour
427 3311 552 3360 caractere
567 3309 683 3360 essenticl
698 3308 729 3359 de
745 3327 828 3378 passer
848 3327 894 3378 par
908 3308 951 3360 des
965 3308 1079 3378 periodos
1093 3307 1313 3361 d'aecroisscmcnt
1326 3316 1347 3359 et

289 3398 320 3448 de
335 3397 426 3448 rlc'clin.
451 3419 463 3446 n

325 3489 349 3536 2.
375 3486 457 3538 ltrrclr.
476 3485 526 3538 des
544 3486 631 3543 Idccs.
648 3486 668 3543 l.
686 3506 710 3556 p.
727 3489 787 3538 321.
806 3487 874 3538 Ponr
891 3487 1023 3556 expliquer
1040 3509 1053 3536 a
1069 3507 1119 3538 unc
1136 3489 1193 3539 telle
1213 3490 1345 3542 evolution.
1417 3489 1418 3502 ¹

289 3595 339 3626 unc
355 3575 412 3627 telle
424 3576 599 3628 coordination
620 3577 687 3628 aussi
707 3577 765 3628 bicn
787 3576 849 3627 dans
871 3577 894 3626 lc
916 3584 997 3645 temps
1011 3596 1061 3646 que
1083 3577 1146 3628 dans
1161 3578 1310 3649 l'espace,...
1332 3577 1347 3626 il

289 3666 344 3716 saut
356 3666 488 3716 coneeroir
502 3686 552 3718 unc
562 3674 635 3718 vertu
645 3667 782 3738 plastiquc,
799 3684 849 3717 une
865 3666 967 3734 energie
979 3665 1054 3717 vitale
1068 3667 1113 3736 qui
1126 3667 1227 3737 preside
1239 3670 1252 3719 l
1265 3668 1286 3719 la
1303 3669 1347 3718 lor·
1417 3691 1418 3700 ¹

289 3755 386 3805 mation
402 3755 485 3807 meme
500 3756 531 3806 de
546 3757 720 3827 l'organisme.
736 3776 749 3806 >r

325 3847 349 3893 3.
373 3843 487 3896 Morchc
503 3844 552 3897 des
569 3845 659 3901 Idc‘es.
677 3847 710 3904 ll,
726 3867 750 3915 p.
770 3849 829 3898 156.
856 3866 869 3894 a
890 3845 958 3896 Cher
971 3846 1006 3897 les
1029 3847 1096 3897 etrus
1111 3846 1217 3905 vivants,
1232 3845 1347 3914 l'cncrgie

290 3931 364 3984 vitale
378 3939 416 3984 est
430 3951 464 3983 un
480 3934 593 4004 principe
608 3936 707 3987 interne
722 3936 829 3995 d'unite,
846 3936 957 3994 (lorche,
974 3934 1144 3992 d'harmonic‚
1166 3954 1222 3986 sans
1237 3955 1301 3988 cesse
1319 3954 1346 3985 cn

290 4021 354 4072 tutte
368 4040 427 4072 arec
441 4022 476 4072 les
488 4041 573 4074 causes
587 4031 703 4075 externos
714 4025 745 4075 de
760 4024 961 4094 complicatione,
978 4024 1009 4075 de
1024 4024 1213 4094 perturbatiora
1228 4032 1253 4078 et
1267 4024 1297 4076 dc
1309 4023 1345 4076 dt-

289 4109 385 4168 sordre.
404 4131 417 4160 n
434 4110 475 4164 Cr.
493 4110 580 4163 Enclr.
598 4110 649 4164 des
664 4112 755 4176 ldc'es,
772 4113 792 4172 l,
807 4131 832 4189 p.
850 4114 901 4164 322
914 4131 971 4188 sqq.
