2684 4896
656 354 796 405 -94-

193 512 284 555 mur.
309 486 366 566 Hi,
390 486 476 556 dum
490 486 750 557 circumstantia
770 499 804 556 et
821 489 1051 573 occurrentia,
1073 489 1261 584 diligenter

191 620 227 689 in
247 621 362 691 lucem
389 621 541 699 reducta,
570 621 634 690 sub
660 621 770 691 oculis
795 635 944 703 servant,
972 623 1258 719 capotissimum

190 755 483 833 animadvertunt,
506 754 634 851 quibus
653 781 707 826 res
720 755 811 826 inter
827 783 862 827 sc
878 756 1056 827 differant¹
1077 783 1258 854 novasque

190 899 354 984 praestcnt
370 888 630 968 concursiones
646 914 709 958 nec
720 888 854 984 aliquid
864 901 988 985 putant
1000 916 1018 961 3
1032 889 1168 986 legibus
1182 891 1260 961 uni-

188 1022 297 1092 versis
313 1022 394 1091 duci
408 1048 524 1118 posse.
545 1022 682 1110 Quibus
702 1023 730 1091 si
744 1023 859 1118 legem
874 1024 1064 1120 quamdam
1080 1050 1258 1121 proponas

190 1184 257 1253 qua
281 1183 347 1236 res,
375 1156 491 1252 aliqua
511 1157 632 1226 saltem
655 1183 696 1227 ex
724 1169 830 1252 parte,
859 1171 1035 1250 reguntur,
1059 1158 1149 1228 nihil
1168 1159 1257 1231 anti-

188 1290 292 1386 quius
318 1301 369 1359 est
391 1315 498 1386 quam
525 1290 746 1386 exceptiones
772 1290 945 1384 colligere,
977 1302 1080 1388 atque
1099 1317 1256 1362 comme-

188 1450 323 1493 morare
343 1449 414 1519 quo
435 1425 553 1503 modo,
576 1424 642 1494 hoc
658 1436 717 1494 aut
732 1424 792 1493 illo
811 1424 890 1494 loco
902 1451 941 1494 ac
963 1437 1130 1522 tempore,
1154 1425 1256 1496 aliter

186 1584 295 1628 resse
324 1559 472 1629 habeant
499 1584 605 1654 quam
629 1559 825 1637 debuerint,
855 1559 884 1628 si
906 1559 1033 1628 nostris
1055 1560 1256 1655 paruissent

186 1693 353 1762 doctrinis
369 1720 375 1767 ;
394 1693 479 1762 adeo
496 1705 544 1773 ut,
568 1718 690 1763 corum
706 1693 888 1772 sententia,
907 1693 1063 1775 inrebus
1076 1693 1253 1764 historicis

184 1828 272 1897 sacta
290 1826 477 1922 peculiaria
495 1853 602 1923 quam
621 1827 774 1922 plurima
793 1827 951 1920 detegere
971 1853 1085 1922 operae
1097 1828 1251 1923 pretium

185 1987 257 2031 3333
277 1961 446 2040 videatur,
465 1960 569 2031 inane
588 1987 672 2030 vcro
693 1960 748 2030 rel
766 1961 883 2056 potius
903 1961 1140 2056 periculosum
1167 1963 1251 2031 doc-

186 2095 283 2164 trinis
310 2094 522 2190 quibuslibet
542 2095 593 2163 uti
615 2095 659 2164 ad
678 2095 769 2189 leges
790 2095 907 2164 nescio
923 2121 1008 2190 quas
1024 2095 1246 2189 detegendas.

231 2229 293 2296 Ex.
306 2255 357 2322 gr.
371 2228 567 2322 Seignobos
582 2240 766 2324 postquam
782 2228 1120 2324 demonstravitque
1141 2229 1249 2299 modo

180 2362 331 2457 politica>
344 2361 610 2431 constitutiones
624 2361 661 2430 in
675 2361 825 2456 Europa,
842 2374 959 2431 nostra
974 2360 1117 2458 quidem
1134 2374 1246 2442 catate,

181 2508 322 2565 mutatae
342 2507 469 2575 essent,
498 2521 561 2564 nos
581 2495 747 2565 admonet
777 2521 820 2564 ne
849 2495 989 2565 illarum
1009 2496 1248 2566 mutationum
1311 2506 1315 2517 '

180 2655 299 2697 333333
331 2640 526 2699 constantes
558 2628 802 2723 exquiramus;
825 2628 911 2725 quid
931 2629 1103 2699 senserint
1121 2642 1154 2699 et
1173 2655 1250 2723 egc-

180 2762 251 2832 rint
277 2762 440 2832 nonnulli
466 2762 657 2831 turbatores
682 2773 741 2831 aut
761 2761 935 2857 principes
955 2762 984 2830 si
1003 2762 1244 2858 respiciamus

181 2896 260 2965 satis
272 2922 345 2966 essc
358 2907 396 2964 ut
406 2895 497 2964 vices
513 2894 661 2990 Europus
676 2895 928 2989 intelligamus²
943 2923 949 2964 :
971 2921 988 2966 ((
1006 2922 1024 2964 3
1039 2897 1150 2965 tribus
1162 2897 1249 2967 easi-

217 3121 240 3168 1.
262 3117 294 3167 Α.
310 3116 444 3167 anrnnr.
463 3136 476 3164 ((
492 3116 527 3167 Le
541 3116 621 3183 grand
636 3118 754 3185 precepto
768 3116 832 3184 qu'il
851 3116 905 3167 saut
920 3117 1019 3167 donner
1032 3135 1081 3168 aur
1099 3117 1245 3174 historiens.

178 3208 239 3258 c'cst
253 3207 284 3258 (13
299 3206 442 3274 distinguer
454 3224 486 3256 au
501 3206 551 3256 lieu
565 3205 597 3255 dc
612 3205 785 3258 consondrc...
802 3227 815 3254 n
831 3206 851 3256 ll
868 3207 922 3256 laut
934 3207 1017 3258 ‹llcrer
1031 3227 1044 3255 ((
1062 3225 1113 3257 333
1132 3207 1248 3258 barritre

178 3303 267 3347 contre
282 3296 428 3365 l'irruption
443 3295 618 3346 desordonnde
633 3294 701 3346 (1313
715 3294 875 3364 philosophie
887 3294 950 3346 dans
964 3295 1098 3348 l'histoire.
1117 3316 1130 3345 3
1147 3295 1200 3347 Cit.
1219 3297 1245 3346 in

176 3384 301 3436 133333.
319 3387 399 3438 Extra
414 3383 464 3436 des
480 3383 631 3436 historiens
646 3384 774 3451 [3333313
790 3383 828 3434 du
845 3395 902 3434 x1x⁰
917 3383 1012 3442 313313,
1026 3403 1050 3454 p.
1067 3387 1109 3442 42,
1127 3388 1187 3437 100.

214 3477 238 3524 ἱ).
260 3474 386 3525 Histoire
400 3473 539 3545 potitique
562 3472 596 3525 (13
619 3473 751 3547 l'lr'urope
776 3473 1012 3544 ccrrtemporainc.
1034 3493 1059 3542 p.
1078 3475 1139 3526 805.
1157 3494 1171 3523 ((
1188 3474 1246 3526 Une

177 3562 299 3613 tondance
314 3561 846 3629 333133311333331133331333333313311313
867 3564 881 3611 h
898 3560 930 3612 de
948 3560 1060 3630 grandes
1078 3581 1164 3613 causes
1179 3581 1245 3614 nous

176 3659 249 3721 porte
263 3655 276 3701 h
292 3652 424 3722 expliquer
438 3651 586 3702 l'evolution
601 3651 733 3720 politique‚
751 3669 851 3702 comme
865 3650 1016 3701 l‘erolntion
1030 3651 1183 3720 geologique
1198 3671 1244 3722 par

176 3739 220 3791 (133
235 3741 315 3790 forces
328 3739 465 3809 prosondes
479 3746 504 3790 et
519 3740 661 3796 continues,
676 3739 733 3808 plus
741 3739 823 3807 larges
832 3757 883 3808 que
893 3739 929 3790 les
941 3739 1037 3790 actions
1052 3739 1240 3791 individuelles.

176 3828 313 3880 L'histoirc
328 3829 362 3879 du
376 3841 433 3879 33(Θ
448 3829 522 3880 sibclc
545 3828 671 3879 s'accordc
692 3828 743 3879 mal
764 3847 823 3879 avec
843 3835 908 3879 cette
928 3829 1111 3898 conception...
1138 3829 1174 3880 Cc
1196 3848 1240 3880 son

175 3918 238 3968 trois
250 3917 376 3969 accidente
392 3919 436 3986 qni
458 3925 502 3968 ont
523 3917 665 3968 determine
686 3917 834 3968 l'evolution
849 3917 973 3986 polilique
993 3917 1024 3967 de
1048 3916 1169 3987 l'Europe
1181 3936 1239 3968 con·

176 4009 341 4077 temporaine.
365 4027 378 4055 3
