2684 4896
603 347 636 355 ..
655 319 689 367 92
709 347 742 355 -

140 461 267 519 aeterna
282 461 315 519 et
335 476 404 517 una
423 449 649 518 determinari
672 449 909 518 arbitrantur:
932 448 1048 528 itaut,
1081 474 1204 518 eorum

140 583 320 663 sententia,
344 584 372 651 si
387 583 466 679 quis
482 583 604 652 ultima
619 583 789 679 principia
803 583 1006 654 societatum
1022 582 1201 659 detexerit,

139 717 197 786 ille
216 744 277 812 par
297 717 340 786 sit
359 717 524 785 omnibus
544 744 563 785 a
583 717 690 812 priori
710 717 936 795 deducendis
960 742 1206 812 quaecumque

139 851 176 918 in
197 851 371 920 curriculo
385 851 543 945 gentium
560 879 640 921 casu
657 852 795 921 evenire
810 850 1005 920 videantur.
1025 850 1096 938 Qui
1111 863 1206 946 post-

140 1010 246 1080 quam
283 985 395 1078 legem
433 984 585 1081 aliquam
623 998 724 1055 certae
756 985 1075 1081 phaenomenorum
1104 983 1207 1054 seriei

140 1118 279 1187 insitam
313 1131 535 1213 aperueruut.
581 1119 674 1187 haud
718 1119 875 1188 dubitare
916 1118 1079 1187 videntur
1119 1117 1206 1215 quin

140 1251 260 1321 eadem
306 1253 467 1321 omnium
517 1253 828 1348 qualiumcumque
871 1251 1202 1347 phaenomenorum

140 1411 340 1482 quanquam
364 1384 509 1454 diversis
534 1399 733 1481 temporum
757 1386 796 1455 ae
820 1386 978 1455 locorum
1006 1386 1206 1455 observato-

139 1543 219 1586 rum
240 1519 439 1598 momentis‚
464 1519 635 1588 rationem
655 1520 850 1588 necessario
874 1519 1015 1593 reddat:
1045 1519 1207 1588 rationali

141 1651 264 1720 ordine
290 1652 415 1731 allecti,
448 1679 511 1722 nee
544 1680 614 1722 non
636 1680 753 1722 rerum
773 1653 980 1722 diversitatis
1001 1652 1114 1732 obliti,
1143 1653 1208 1721 ela-

140 1810 232 1864 vem,
269 1811 374 1881 quam
410 1787 517 1855 semel
543 1799 759 1883 repererunt,
797 1787 1007 1883 cuicumque
1039 1786 1206 1856 foramini

141 1931 264 2016 sponte
280 1931 412 1988 naturae
432 1921 732 1990 accommodatam
753 1947 826 1990 esse
842 1920 1000 1990 credunt.

190 2054 293 2143 Quod
314 2080 357 2122 ne
377 2054 495 2123 eredas
516 2055 582 2122 illis
604 2054 822 2150 philosophis
838 2082 911 2124 esse
934 2054 1109 2150 peculiare
1129 2055 1203 2151 qui,

141 2188 302 2257 kantiana
322 2188 481 2258 doctrina
495 2188 654 2258 instructi
671 2189 855 2285 eidemque
868 2188 1037 2265 infideles
1057 2188 1151 2282 leges
1175 2200 1208 2256 et

142 2333 273 2390 naturae
294 2333 327 2389 et
346 2321 499 2390 historiar.
515 2348 533 2391 a
547 2321 658 2415 priori
673 2322 852 2390 vaticinari
867 2321 941 2391 ausi
961 2334 1043 2415 sunt
1058 2348 1064 2398 ;
1083 2320 1207 2390 eadem

140 2455 329 2524 ambitione
355 2467 587 2550 peccaverunt
609 2455 771 2524 nonnulli
802 2456 863 2552 qui
884 2456 986 2523 rebus
1011 2455 1110 2550 ipsis
1134 2481 1206 2524 non

140 2587 238 2667 ideis,
273 2588 440 2657 inservire
466 2589 686 2683 profitentur.
722 2589 783 2657 Ex.
814 2616 864 2682 gr.
902 2589 943 2656 ll.
980 2589 1090 2667 Marx,
1119 2588 1205 2657 dum

139 2720 270 2800 omnia,
303 2721 339 2789 iu
363 2721 566 2790 societatum
591 2722 672 2798 rita,
705 2722 776 2791 sire
805 2722 847 2791 (le
868 2721 1047 2815 religione,
1071 2722 1144 2791 sire
1164 2722 1206 2790 dc

66 2859 73 2876 '
139 2855 296 2924 moribus
316 2854 441 2948 agitur.
465 2855 507 2923 ab
532 2880 550 2924 <t
571 2855 784 2924 a¹eon0miea
804 2854 1062 2924 substructione
1084 2881 1103 2925 ))
1125 2882 1208 2950 peu-

140 2991 220 3059 dero
240 2990 400 3069 declarat,
425 2990 573 3069 videtur,
597 2991 658 3059 etsi
685 2991 882 3085 llegeliamr
903 2991 1072 3060 doctrinar
1100 2989 1213 3060 inlen-

142 3146 213 3193 ‘sus
234 3123 328 3192 haud
342 3124 459 3191 miuus
474 3149 492 3193 ((
506 3124 748 3219 philosophica
769 3151 788 3194 r>
806 3124 971 3194 methodo
991 3152 1076 3194 usus
1097 3151 1173 3194 esse
1185 3123 1205 3192 ¹.

138 3256 243 3345 Quod
262 3257 304 3326 de
325 3257 465 3326 Comtio
489 3283 630 3354 quoque
652 3254 771 3328 dieas‘:
797 3258 926 3354 quippe
946 3258 1007 3354 qui
1027 3270 1061 3327 et
1081 3259 1202 3327 omnia

136 3396 178 3464 in
204 3391 410 3460 societatum
441 3391 509 3460 vita
541 3418 560 3460 a
594 3391 817 3471 scientiarum
850 3418 1036 3488 progressu
1056 3393 1216 3488 pendero

138 3524 377 3604 declaraverit,
396 3537 429 3594 et
450 3552 572 3595 omues
593 3525 783 3605 societates
811 3553 1012 3623 quanquam
1039 3527 1212 3605 diversae,

118 3849 120 3853 Α
175 3889 198 3938 1.
221 3887 262 3939 Cs.
280 3887 381 3940 Baaru.
408 3887 459 3940 1)ιό
477 3886 820 3962 Gesclriclrtsplrilosoplrie
843 3888 946 3961 Ilegels
964 3888 1023 3942 und
1042 3888 1094 3943 der
1116 3892 1216 3962 Hege·

141 3974 242 4030 liarrer.
