2684 4896
524 336 667 387 -25-

109 475 198 563 Quae.
225 474 309 543 adeo
336 471 573 542 inconstantes
598 482 642 549 et,
671 482 709 539 ut
736 471 782 541 ita
809 471 936 550 (liram,
962 473 1063 542 fluxae
1090 500 1129 543 ae

56 607 201 677 lubricae
223 606 384 676 videntur
398 618 448 683 ut,
471 604 586 700 primo
607 603 729 674 saltem
749 617 902 700 aspectu.
926 606 1015 674 nihil
1029 619 1129 701 putes

56 741 198 811 inanius
233 766 339 836 quam
366 739 458 833 leges
484 738 704 833 nescioquas
733 739 916 808 historiens
938 739 1125 835 inquirere.

56 875 152 943 Num
172 873 258 969 quid
272 873 366 942 enim
381 885 590 968 perpetuum
611 872 791 941 societates
808 873 995 942 hominum
1016 873 1130 942 obser·
1210 942 1212 947 .

57 1007 153 1076 ranti
175 1007 356 1102 praebenti
388 1005 466 1074 Non
493 1016 699 1099 permanent
729 1005 812 1085 illae,
850 1005 910 1074 sed
937 1018 1126 1076 transeunt.

59 1143 192 1210 Earum
212 1167 290 1237 quae
304 1141 429 1210 eodem
451 1151 607 1233 tempore
631 1139 738 1207 simul
759 1139 947 1234 perdurant
969 1140 1130 1209 locorum

57 1274 259 1344 diversitate
280 1273 419 1369 penitus
450 1272 744 1367 distinguuntur:
768 1301 846 1369 quar
865 1287 981 1344 autem
1008 1274 1131 1343 eodem

58 1409 136 1478 loeo
157 1408 304 1477 diversis
319 1407 534 1502 temporibus
551 1406 656 1475 vitam
668 1407 812 1499 exigunt
823 1434 893 1477 non
909 1407 987 1476 idco
997 1421 1132 1478 exstant

61 1542 232 1612 similes¹·:
251 1541 324 1609 imo
344 1540 740 1610 novissimaesocietates
756 1552 789 1609 et
804 1568 823 1609 a
836 1541 1012 1636 prioribus
1032 1541 1131 1636 quasi

58 1676 254 1753 instructae,
274 1675 380 1744 veluti
401 1685 527 1743 nostrae
544 1673 721 1742 societates
751 1662 793 1742 ab
813 1673 977 1769 antiquis,
1001 1673 1130 1743 idcireo

63 1810 106 1877 ab
120 1809 163 1878 iis
180 1807 341 1878 distant'.
368 1809 418 1877 Ita
433 1819 471 1876 ut
486 1807 521 1874 in
538 1806 710 1876 hacctilla
723 1806 935 1901 perarduum
953 1806 995 1875 sit
1009 1807 1130 1876 eadem

62 1943 249 2020 elementa,
280 1942 401 2011 eadem
428 1941 560 2010 rationo
583 1939 751 2015 ordinata,
783 1939 990 2009 discernere.
1017 1940 1130 2009 Unius

58 2088 176 2146 autem
197 2075 369 2146 societatis
391 2075 497 2143 vitam
518 2075 546 2142 si
560 2073 726 2142 intuearis
750 2073 785 2142 in
803 2101 851 2153 se,
878 2101 976 2144 easus
992 2075 1130 2144 crebros

58 2211 219 2306 equibus
235 2209 295 2278 illa
306 2209 409 2305 quasi
425 2208 686 2287 cssluit‚s1‘ust1·a
703 2234 829 2277 conere
845 2209 1025 2302 neglegere
1036 2222 1080 2278 et.
1093 2220 1131 2277 ut
1199 2244 1202 2248 ·

57 2344 104 2413 ita
128 2344 256 2419 (licam,
274 2343 317 2412 ab
336 2342 482 2411 historia
501 2350 674 2410 amovere.
701 2341 794 2410 Casu
822 2341 916 2409 eninr
944 2367 1021 2436 quae
1044 2341 1130 2409 olim

56 2478 218 2546 instituta
242 2489 335 2553 sunt,
364 2480 402 2545 ut
429 2476 510 2544 urbs
538 2475 613 2551 ista,
648 2474 773 2543 accidit
792 2486 830 2543 ut
855 2500 928 2542 non
954 2475 1131 2543 transeant

57 2611 149 2680 sicut
172 2611 297 2689 nubes,
330 2597 443 2678 sedin
466 2608 592 2678 saecula
618 2608 833 2676 serventur-³.
858 2608 950 2676 Casu
972 2607 1033 2702 qui
1056 2634 1131 2676 nas-

57 2757 188 2814 euntur
203 2743 212 2776 '²
229 2744 348 2836 magni
365 2743 428 2810 riri
448 2742 484 2810 in
502 2741 711 2837 populorum
726 2741 853 2809 animis
869 2767 968 2810 suam
979 2741 1131 2833 infigunt

57 2878 223 2973 effigiem.
244 2878 336 2947 Casu
353 2876 413 2972 qui
439 2887 629 2944 oeenrrunt
656 2875 786 2968 magni,
817 2874 871 2943 vel
899 2875 1001 2944 etiam
1034 2875 1130 2969 parvi

57 3025 204 3082 eventus
235 3012 393 3080 instituta
423 3010 597 3078 inficiunt.
632 3010 731 3077 Itane
761 3009 930 3104 cujusque
960 3008 1130 3078 societatis

56 3146 246 3241 propriam
269 3145 419 3240 speeiem
440 3156 490 3214 tot
510 3143 646 3212 easibns
671 3153 907 3237 comparatam
939 3168 1009 3210 non
1031 3141 1131 3210 (lecet

95 3417 120 3465 ’1.
146 3411 279 3465 Fotidem.
297 3411 332 3463 dc
348 3431 398 3463 nos
412 3430 503 3463 coner..
526 3412 558 3467 ΙΙ,
575 3430 600 3480 p.
619 3413 799 3463 ‘rto-213.-
816 3408 952 3475 barbota,
970 3409 1020 3461 des
1038 3408 1126 3472 lde'es,

57 3503 90 3570 n.
107 3521 132 3572 p.
155 3499 216 3554 rra.
943 3487 951 3498 “

93 3594 118 3642 2.
143 3588 258 3642 Morehe
274 3588 324 3641 des
340 3588 422 3640 lders
438 3598 464 3640 rt
480 3587 530 3640 drs
554 3572 646 3641 licen..
663 3588 684 3645 l,
706 3587 780 3656 ebap.
799 3590 825 3646 2,
843 3607 866 3656 p.
886 3589 927 3639 34.
949 3608 962 3636 a
980 3587 1014 3638 Lo
1035 3605 1128 3656 moyen

54 3684 103 3750 rige
114 3687 152 3732 est
165 3699 202 3730 un
217 3679 306 3730 ensant
318 3679 387 3728 &leve
400 3696 445 3747 par
457 3697 492 3728 un
507 3677 630 3735 rieillard,
643 3685 668 3728 et
677 3677 740 3728 dont
754 3677 790 3727 les
799 3676 932 3733 destiuees,
943 3677 1018 3728 celles
1033 3677 1129 3727 memes

55 3771 87 3822 de
103 3789 129 3820 sa
142 3769 274 3838 poste'ritc.
291 3786 316 3817 se
331 3773 472 3818 rossontent
487 3767 518 3817 de
530 3773 595 3817 cette
610 3766 744 3817 edueation
758 3766 893 3836 premiere.
912 3788 925 3815 n

92 3864 118 3911 3.
141 3855 282 3908 Encbabt.
298 3855 348 3908 des
368 3855 457 3909 lde'es.
475 3856 508 3913 Il,
523 3874 548 3926 p.
566 3857 626 3907 339.

94 3949 117 4001 ¹1.
141 3944 228 4004 ibid„
244 3965 269 4018 p.
285 3947 344 3997 285.
