2858 5090
543 417 684 469 -59-

88 562 256 648 suspectas
281 550 408 620 habere
426 550 604 644 professus
622 563 705 630 erat,
730 577 792 620 sua
812 550 977 620 methodo
991 549 1141 620 detexit:

87 683 291 780 philosopho
329 684 404 779 ipso
437 695 529 762 teste,
552 684 613 780 qui
639 685 803 754 Fortuna·
827 684 1018 780 potentiam
1039 710 1144 780 quam

87 818 269 888 maximam
290 844 363 887 esse
383 817 581 896 declaravit,
606 817 760 888 Rationis
776 831 826 887 est
843 819 1049 897 Fortunam,
1066 830 1145 914 post

87 953 218 1032 saecula,
243 953 279 1021 in
302 951 477 1044 ditionem
496 979 595 1020 suam
619 952 842 1048 subjungere.

134 1087 187 1156 Sic
207 1087 320 1183 quiin
338 1086 466 1156 medias
482 1114 547 1164 res,
574 1098 622 1156 tot
636 1086 772 1156 casibus
788 1086 941 1178 agitatas,
967 1113 1029 1155 nos
1045 1086 1144 1183 quasi

86 1220 236 1316 projecit,
273 1220 527 1317 admonuitque
560 1233 598 1289 ut
630 1233 751 1290 eventa
786 1220 859 1316 ipsa
892 1246 1139 1300 revereremur,

85 1354 214 1448 legibus
229 1365 346 1424 autem
366 1353 615 1432 diffideremus
636 1353 730 1422 idem
750 1355 951 1423 Commotus
972 1353 1143 1422 humanas

86 1514 146 1567 rm,
160 1488 196 1556 in
208 1513 358 1566 summa,
373 1487 441 1556 sato
453 1487 591 1556 cuidam
608 1487 744 1556 videtur
755 1486 935 1583 subjicere.
949 1486 1143 1574 Quomodo

86 1621 338 1690 constituantur
370 1621 558 1699 societates,
593 1621 722 1717 quibus
757 1621 935 1690 elementis
969 1633 1139 1700 constent,

84 1783 146 1851 qua
165 1755 332 1851 peculiari
354 1755 386 1823 vi
406 1781 526 1824 earum
555 1755 697 1850 linguae,
723 1756 814 1850 jura,
845 1781 971 1836 mores,
1003 1755 1143 1864 publica

85 1889 237 1959 instituta
249 1889 406 1984 primum
418 1902 626 1984 generentur
637 1902 669 1958 et
682 1890 910 1968 ellloreseant‚
933 1896 1003 1986 qim
1019 1889 1144 1958 deinde

84 2023 264 2117 pulsentur
283 2024 465 2093 communi
479 2049 678 2119 progressu,
697 2023 742 2092 ita
758 2035 796 2092 ut
816 2023 1003 2092 universali
1019 2023 1143 2091 rationi

85 2157 190 2252 magis
206 2157 386 2253 magisque
406 2157 524 2225 omnia
540 2157 722 2226 videantur
748 2157 1021 2235 accommodata,
1042 2156 1144 2226 talem

85 2291 275 2360 normalem
305 2291 581 2360 convenientiam
602 2303 704 2387 atque
724 2290 911 2360 decursum
936 2290 1140 2370 describere,

85 2424 154 2494 bae
178 2415 481 2518 secundumleges
509 2425 668 2493 ordinare
699 2451 770 2494 non
791 2424 936 2493 dubitat.
966 2424 1102 2512 Quibus
1127 2451 1144 2492 e

83 2558 212 2655 legibus
233 2558 375 2628 evadere
396 2558 482 2627 nulli
498 2558 576 2627 licet
596 2558 760 2636 societati,
785 2559 919 2628 etiamsi
939 2558 1013 2654 ejus
1038 2557 1145 2626 curri-

83 2693 199 2762 culum
246 2720 363 2762 rerum
412 2692 692 2761 insolentissimis
735 2692 1036 2770 concursionibus
1090 2693 1144 2761 vel

82 2825 404 2921 potentissimorum
449 2825 603 2907 virorum
654 2825 890 2896 voluntatibus
939 2825 1042 2894 suerit
1086 2826 1142 2894 de-

83 2961 221 3029 llexum.
257 2959 474 3028 Communes
501 2959 595 3027 enim
618 2959 835 3029 conditiones
856 2972 949 3038 sunt,
977 2959 1051 3028 sine
1071 2959 1145 3055 qui-

85 3094 143 3163 bus
168 3093 265 3162 nulla
289 3093 475 3161 lmminum
509 3093 651 3162 societas
687 3093 868 3188 persistere
896 3105 1028 3187 potest:
1066 3119 1143 3188 quae

82 3226 116 3294 iu
149 3227 321 3322 cujusque
341 3226 511 3296 societatis
532 3226 674 3296 historia
697 3225 882 3321 peculiaria
901 3237 1139 3304 occurrerunt,

80 3555 179 3599 rement
194 3546 342 3616 progressis,
357 3545 476 3613 regulier.
492 3545 661 3614 lmrmonique
675 3545 720 3614 qui
734 3545 771 3595 lui
785 3553 822 3596 est
837 3545 965 3614 imprime.
983 3546 1019 3596 Ce
1034 3553 1091 3596 sont
1106 3545 1142 3596 les

81 3637 208 3688 demibres
222 3635 384 3686 convulsione
396 3634 431 3685 du
443 3634 519 3685 chaos
533 3637 546 3684 d
559 3635 753 3685 l'enlantement
767 3634 802 3685 du
817 3635 901 3702 globe.
921 3636 1003 3704 Aprbs
1017 3635 1103 3686 cela...
1120 3634 1143 3685 la

82 3734 146 3776 terre
158 3744 213 3776 sera
222 3724 432 3792 vraimentdigne
440 3723 520 3774 d‘etre
528 3723 674 3774 considdrde
686 3741 785 3773 comme
793 3723 953 3774 l'babitatiea
961 3723 993 3773 de
1007 3723 1141 3774 l'homme.

82 3815 115 3865 lia
129 3822 220 3866 nature
233 3815 321 3864 n'aura
335 3813 452 3882 plusque
467 3813 510 3863 des
523 3819 700 3864 mourements
712 3813 903 3882 harmoniques,
919 3813 991 3864 facile
1005 3815 1018 3862 a
1031 3812 1141 3882 prdvoir,

81 3904 247 3955 bealeuler...
263 3903 369 3972 Chaque
384 3903 489 3953 homme
504 3921 535 3953 ne
555 3902 631 3953 derra
646 3903 702 3972 plus
724 3921 749 3952 se
764 3902 911 3952 considdrer
925 3921 975 3971 que
994 3919 1093 3951 comme
1107 3920 1143 3950 ua

82 4011 173 4061 rimago
185 3993 249 4062 qu'il
263 3999 300 4042 est
312 3992 405 4059 cbargd
420 3991 574 4060 d’engrener
583 4010 649 4060 pour
663 3992 686 4043 le
700 3992 784 4042 mieux
799 3991 862 4042 dans
874 4009 909 4041 un
923 3992 1077 4041 mdeanisme
1088 3990 1144 4046 uni-

80 4083 167 4134 versal.
187 4103 200 4131 »
216 4082 246 4137 ln
263 4081 438 4160 Destiaatioa
455 4080 489 4134 de
506 4081 641 4140 l'lromme,
659 4081 724 4138 trad.
739 4082 782 4140 ln,
800 4100 825 4157 p.
844 4082 903 4139 259,
923 4083 981 4138 271.
