2684 4896
596 394 631 411 ,-
650 366 684 418 54
704 395 737 404 -

135 503 260 574 (larum
300 501 479 571 civitatum
525 499 652 569 diversi
694 499 790 569 modi
840 499 987 570 minoris
1031 500 1183 594 paulatini

137 636 306 709 momenti
336 634 521 705 existunt¹.
555 634 596 701 In
623 633 751 729 quibus
779 633 862 702 item
889 633 1061 704 rationem
1088 635 1184 729 magis

137 771 316 866 magisque
329 769 499 863 imperare
512 767 636 836 Noster
649 767 845 846 arbitratur,
858 793 932 837 nou
947 767 1063 838 hercle
1074 767 1186 838 iisdem

138 902 347 1003 praejudiciis
376 913 497 996 eaptus
525 901 653 996 quibus
681 901 883 997 philosophi
911 912 1034 972 octavo
1063 902 1187 972 decimo

137 1039 265 1108 seculo
294 1035 444 1132 populos
476 1034 734 1104 inflaverunt²z
770 1035 912 1105 rationis
949 1036 1045 1105 enim
1078 1063 1187 1132 expers

136 1200 208 1245 esse
234 1181 351 1241 ecnset
380 1180 450 1239 tarn
470 1169 565 1264 quod
589 1169 731 1264 publico
754 1169 917 1264 suffragio
933 1197 1041 1266 quarn
1063 1170 1187 1267 quode

138 1301 452 1404 principisarbitrio
461 1303 604 1381 oritur³;
618 1303 743 1373 fatetur
755 1315 870 1373 tamen
879 1304 1180 1400 institutapubliea,

137 1450 317 1536 propterea
344 1436 439 1532 quod
459 1438 641 1506 communi
666 1438 805 1507 utilitati
833 1464 928 1507 nunc
954 1438 1178 1535 subjiciantur,

137 1572 273 1643 ausibus
293 1597 371 1665 quac
398 1597 440 1639 ex
459 1570 637 1640 aflectibus
658 1572 768 1640 ssuant
788 1572 904 1641 minus
925 1597 999 1642 esse
1015 1571 1174 1642 obnonia'*¹

139 1707 233 1776 Adeo
258 1717 308 1782 ut,
341 1731 419 1800 quae
445 1704 529 1773 clim
549 1705 640 1774 inter
654 1705 729 1774 viva
747 1718 780 1775 et
809 1705 974 1801 spirantia
994 1732 1055 1802 per
1071 1731 1103 1775 se
1116 1717 1175 1774 nata
1208 1782 1210 1801 =

137 1852 231 1918 sunt,
256 1838 483 1907 adoleverunt
502 1851 534 1907 ot
557 1851 758 1919 senuerunt,
782 1839 914 1934 cujum,
940 1851 979 1909 nt
1005 1840 1051 1910 ita
1070 1840 1171 1917 dicam,

140 1973 301 2051 inhibita,
334 1972 537 2042 mechanico
562 1974 717 2069 quodam
745 1973 851 2068 pulsu
874 1973 995 2043 omnia
1018 1974 1174 2044 videantur

141 2105 313 2204 progredi.

190 2240 237 2309 Ea
259 2239 353 2308 enirn
369 2240 405 2307 in
425 2239 643 2310 societatibus
667 2240 795 2335 majora
822 2253 925 2336 atquc
946 2241 1077 2338 majora
1094 2242 1170 2314 liunt,

141 2400 219 2469 qnae
240 2372 462 2441 mineralinm
490 2373 733 2469 potiusquam
756 2372 988 2442 animantium
1012 2375 1064 2444 vel
1083 2375 1173 2442 riven-

143 2507 230 2575 tium
264 2531 361 2574 more
393 2505 591 2582 crescentia,
631 2506 704 2575 sine
738 2506 998 2577 intermissione
1031 2512 1175 2604 atqneut

143 2639 291 2718 ridetur,
308 2639 344 2706 in
359 2639 538 2708 inlinitum
553 2640 671 2735 augeri
690 2641 856 2735 possunt²⁵
870 2668 876 2710 :
890 2641 1042 2712 seientia¹
1059 2641 1173 2713 scilieet,

144 2785 176 2842 et
194 2784 283 2842 artes
303 2799 344 2841 ex
359 2773 483 2842 iisdem
503 2784 598 2853 entre,
623 2775 883 2870 quibusnatura
896 2802 1014 2845 rerum
1033 2777 1075 2846 ab
1089 2769 1176 2844 honri-

142 2907 247 2976 nibus
269 2917 302 2976 et
322 2907 544 3001 cognoscitur
563 2919 596 2976 et
611 2907 829 2977 informatur.
848 2909 992 3005 Respice
1008 2909 1100 2979 enim
1121 2928 1176 3004 quae

178 3123 203 3171 t.
225 3119 341 3171 Mar-elie
356 3118 407 3171 des
425 3119 512 3178 [dees.
528 3121 561 3180 ΙΙ,
576 3140 601 3189 p.
620 3123 662 3173 87.
681 3141 694 3168 a
711 3119 745 3170 La
760 3128 817 3190 part
839 3120 883 3172 des
897 3122 1038 3174 inssuenees
1058 3120 1178 3174 mentesa

141 3209 278 3279 potitiques
289 3210 326 3259 ira
340 3228 372 3260 en
384 3210 570 3262 s'attenuant...
581 3209 611 3260 de
626 3210 738 3260 muniere
750 3211 764 3260 b
776 3209 886 3279 degeger
898 3229 926 3262 ce
941 3211 986 3280 qui
999 3211 1064 3264 tient
1077 3206 1178 3263 essentie!-

142 3299 262 3350 lementb
276 3297 299 3348 ta
309 3305 437 3349 structure
447 3306 472 3349 et
487 3317 519 3349 au
534 3299 686 3350 mecanisme
701 3298 744 3349 des
757 3299 869 3350 societis.
886 3318 899 3348 r

180 3389 205 3439 2.
226 3384 311 3445 Ιὺίᾱ.,
326 3386 359 3446 ll,
370 3386 413 3436 liv.
431 3385 475 3447 IV,
487 3387 528 3440 eh.
544 3387 569 3441 5.
1002 3451 1004 3456 .

181 3479 205 3527 3.
228 3474 442 3532 Mater-talione.
459 3495 483 3545 p.
499 3477 558 3529 224.
578 3476 637 3526 «Le
652 3477 760 3545 suss'ruge
774 3477 902 3528 universe}
914 3479 980 3529 n'est
989 3498 1033 3549 pas
1044 3479 1097 3550 plus
1110 3476 1178 3529 ration·

145 3564 185 3615 nel
200 3582 250 3633 que
264 3563 288 3614 le
301 3564 369 3615 droit
383 3564 536 3615 hereditaire
557 3586 580 3616 n.

180 3656 204 3704 4.
226 3651 342 3704 Mar-ebe
357 3653 408 3704 des
426 3653 512 3713 [dces.
530 3653 563 3710 lt.
582 3673 606 3722 p.
625 3657 675 3706 225
688 3674 743 3724 sqq.

179 3743 203 3792 5.
225 3740 351 3799 ltid.‚lt.
360 3761 384 3811 p.
394 3744 453 3794 345.
469 3742 556 3793 Parmi
567 3742 601 3792 les
613 3743 736 3794 elements
750 3744 784 3794 du
800 3744 1013 3816 developpemcnt
1023 3747 1150 3814 historique
1158 3738 1178 3788 dt

145 3831 304 3888 l'bumanitc,
321 3830 337 3881 it
352 3850 368 3900 y
381 3849 395 3881 a
409 3831 461 3881 lien
475 3830 507 3881 de
521 3831 664 3899 distinguer
675 3831 706 3882 de
720 3851 782 3883 ceux
795 3853 808 3881 a
824 3835 869 3902 qui
885 3841 943 3886 sont
955 3836 1051 3886 soumis
1064 3835 1108 3886 ala
1120 3830 1148 3883 loi
1157 3826 1177 3876 de

145 3920 169 3970 lu
183 3920 322 3970 croissanee
336 3927 360 3970 et
375 3919 410 3970 du
429 3920 628 3990 deperissemcnt
642 3922 780 3984 successiss,
801 3941 864 3974 ceux
878 3942 928 3996 que
948 3925 1009 3977 tend
1024 3927 1038 3976 b
1052 3923 1176 3990 developprr

146 4026 202 4060 suns
216 4027 282 4061 cesse
297 4028 347 4062 une
361 4009 511 4062 civilisation
526 4011 695 4082 progressive.
713 4033 725 4060 η
