2858 5090
740 455 772 470 ἡ
794 427 826 484 53
847 461 879 468 -

278 563 478 638 divitiarum
503 563 749 636 communium
777 563 994 633 incremento
1015 563 1059 632 sit
1076 561 1344 634 aestimaturus¹.

277 703 317 771 In
342 726 493 781 summa,
521 698 665 769 moralia
684 698 847 792 neglegit,
872 697 1013 793 quibus,
1042 722 1116 766 non
1154 697 1348 767 materialia

276 834 431 932 quidem,
462 833 521 903 sod
543 858 581 902 ea
602 858 680 929 queo
703 857 904 900 mensuram
938 831 1119 926 patiuntur
1145 831 1343 926 anteponit.

275 967 424 1063 ideoque
449 965 692 1036 multitudines
714 962 831 1060 potius
862 989 968 1060 quam
1000 963 1157 1059 singulos
1180 964 1347 1033 homines

277 1101 427 1198 respicit.
453 1101 523 1171 Nee
544 1100 687 1179 mirum,
712 1099 740 1166 si
764 1097 870 1167 modo
890 1098 1175 1168 animadverteris
1191 1125 1208 1166 e
1225 1097 1347 1167 multi-

277 1235 412 1332 plicatis
432 1248 569 1305 tantum
596 1233 847 1304 mutationibus
867 1245 901 1302 et
918 1232 1038 1302 sociali
1064 1232 1278 1302 commercio
1309 1259 1348 1301 ea

278 1394 453 1463 emergere
482 1395 560 1464 quae
588 1367 688 1437 liceat
713 1366 949 1436 aeconomista
983 1366 1220 1462 comperire²:
1260 1365 1348 1462 quid

278 1502 386 1572 valeat
409 1527 529 1598 perse
553 1500 728 1594 vectigalis
753 1499 900 1595 alicujus
920 1499 1113 1598 impositi0‚
1136 1511 1348 1595 sumptuum

277 1636 391 1706 auctio
406 1629 462 1706 vel
477 1635 677 1713 diminutio,
695 1635 762 1704 hoc
784 1633 924 1702 difficile
949 1633 1098 1728 detegaS‚
1122 1633 1189 1702 nisi
1209 1632 1299 1702 locis
1316 1645 1349 1701 et

279 1769 494 1867 temporibus
510 1783 580 1840 tem
597 1769 662 1838 lete
688 1768 887 1864 potentibus
914 1781 953 1838 ut
976 1794 1026 1848 eu,
1057 1794 1162 1865 quam
1190 1767 1347 1861 «legem

278 1930 489 1999 magnorum
518 1929 784 1972 numerorum»
812 1901 1049 1972 mathematici
1076 1901 1274 1980 nominant,
1296 1901 1346 1969 uti

278 2038 401 2134 possis.
414 2038 452 2106 In
464 2036 684 2106 societatibus
693 2047 842 2116 tantum,
853 2035 1072 2130 singulorum
1086 2035 1237 2105 arbitriis
1247 2036 1346 2130 quasi

279 2171 321 2239 ad
350 2170 502 2240 nihilum
530 2170 687 2250 redactis,
718 2195 909 2240 commune
935 2196 1052 2238 rerum
1078 2169 1243 2265 pretinm,
1272 2167 1347 2236 sine
1423 2201 1424 2248 r

280 2331 351 2402 quo
370 2303 466 2374 nulla
487 2316 621 2373 constat
636 2304 848 2374 aeconomica
867 2303 1022 2384 scientia,
1043 2303 1196 2372 eminere
1215 2313 1342 2397 potest.
1423 2291 1424 2298 ἵ

329 2437 498 2536 Equibus
519 2465 562 2507 ne
581 2437 768 2508 concludes
788 2463 827 2506 ea
847 2449 994 2516 tantum,
1016 2435 1187 2505 Cournoti
1208 2447 1345 2505 senteu-

280 2573 336 2652 tia,
360 2572 575 2642 mconomico
596 2573 711 2642 studio
739 2597 812 2640 esse
837 2570 954 2665 digna,
978 2596 1056 2666 qua
1085 2569 1126 2638 ad
1158 2569 1343 2639 nationum

278 2707 385 2776 vitam
409 2706 603 2802 pertinent;
629 2705 758 2802 quippe
781 2705 880 2800 cujus
903 2703 1059 2772 doctrina
1087 2703 1343 2772 aeconomicum

280 2869 299 2912 a
321 2841 606 2910 nationalismum
629 2867 647 2911 u
674 2840 769 2909 haud
793 2839 911 2910 minus
936 2865 1041 2937 quam
1068 2863 1087 2908 a
1104 2838 1343 2907 individualis-

279 3000 378 3044 mum
408 2999 427 3045 »
462 2973 560 3070 quasi
594 2973 865 3068 transgrediatur
899 2985 1002 3070 atque
1038 2983 1187 3067 superet.
1226 2971 1342 3060 Quan-
1379 3063 1383 3071 ⁸

277 3135 384 3204 quam
409 3105 637 3177 nationalium
665 3133 805 3176 morum
828 3119 860 3176 et
884 3106 1125 3176 institutorum
1150 3105 1341 3201 potentiam

314 3440 337 3490 1.
362 3436 446 3490 linet.
464 3436 512 3489 des
529 3436 620 3496 Mers,
637 3437 671 3492 Il.
688 3438 732 3490 liv.
750 3437 793 3496 lv.
810 3438 885 3507 cbap.
904 3441 946 3490 12.
962 3438 1001 3489 De
1016 3436 1094 3488 l'lde'e
1111 3435 1290 3507 economique.

315 3529 338 3578 2.
361 3529 452 3579 Reruc
467 3528 628 3586 sonuuaire,
651 3547 676 3596 p.
694 3530 755 3586 325,
777 3529 837 3580 327.
859 3547 872 3574 a
894 3525 977 3595 Voyez
992 3545 1023 3577 on
1038 3527 1099 3577 offet
1112 3528 1126 3576 b
1140 3525 1238 3595 quelles
1257 3525 1343 3576 condi-

278 3616 344 3668 tions
359 3635 384 3667 so
399 3616 519 3667 realisent
533 3635 567 3667 ou
581 3616 687 3668 tendent
701 3620 715 3666 a
730 3634 755 3666 se
771 3616 872 3666 realiser
885 3615 961 3666 l’idee
979 3615 1098 3667 abstraite
1112 3615 1143 3666 de
1159 3615 1182 3666 br
1197 3615 1306 3667 richesse
1319 3622 1343 3664 et

278 3712 361 3756 tontes
384 3704 420 3756 les
436 3707 622 3775 consequences
643 3706 721 3775 qu'on
745 3723 777 3756 en
800 3705 857 3756 tire.
882 3705 902 3756 tl
924 3705 978 3756 saut
1001 3704 1024 3756 lo
1045 3723 1170 3756 eoncours
1189 3703 1251 3756 d'un
1266 3702 1341 3773 grand
1422 3715 1423 3718 ’

278 3794 386 3846 nombre
404 3794 565 3846 d'acbeteurs
577 3802 602 3846 et
614 3794 646 3845 de
661 3794 788 3845 vendeurs
802 3811 868 3863 pour
883 3795 947 3864 qu'il
961 3795 1100 3846 s'dtablisse
1118 3814 1154 3846 nn
1170 3795 1226 3866 prix
1240 3799 1342 3846 couraut

278 3901 310 3933 ou
324 3901 375 3934 une
389 3884 477 3934 valour
491 3885 669 3935 commerciale
681 3884 847 3934 determinde.
864 3882 885 3934 ll
898 3884 952 3934 saut
967 3884 1109 3937 embrasser
1122 3903 1158 3936 un
1174 3893 1257 3953 temps
1271 3889 1295 3933 et
1308 3899 1340 3930 un

278 3990 365 4042 espace
379 3991 444 4024 assez
457 3971 630 4024 considerable
641 3990 769 4042 pemque
785 3979 841 4022 tous
854 3973 889 4024 les
901 3973 972 4024 effets
984 3974 1027 4025 des
1046 3991 1131 4025 causes
1145 3971 1303 4040 irrdgulibrcs
1316 3976 1341 4018 et

277 4061 452 4113 accidentetles
464 4081 490 4113 se
505 4063 587 4113 soient
601 4062 783 4113 sensiblement
795 4065 952 4130 compenses
969 4083 982 4111 »
